2136 3192
230 162 541 218 ‚E'PISTOLAE
576 165 622 220 29.
799 163 832 220 25

39 281 251 336 fastidiendum:
284 281 546 347 quoniamquidem
572 285 697 350 graviter
725 283 832 338 affectis

39 351 170 402 sanitatis
180 351 243 401 loeo
255 357 299 399 est
311 352 383 400 bona
393 351 527 400 remissio.
562 351 633 402 Dum
645 369 687 404 me
698 353 742 403 illi
753 366 833 417 paro,

38 427 69 470 tu
79 419 192 469 interim
204 418 250 482 qui
261 423 352 480 potes,
374 419 420 481 qui
431 418 572 481 intelligis,
583 421 663 480 unde,
674 435 728 486 quo
740 435 833 470 evase-

38 488 86 546 ris,
99 492 128 536 et
138 499 172 536 ex
184 499 217 534 eo
229 485 394 548 suspicaris,
405 487 592 548 quousquesis
603 503 748 547 erasurus,
760 501 841 538 eom-1
911 519 915 524 -

39 569 110 619 pons
121 567 213 603 nrores
225 558 299 612 tirou,
310 552 411 602 attolle
424 552 552 612 animum,
563 553 692 603 adversus
702 555 839 606 formida.
902 568 905 570 ·

39 630 68 671 ta
79 623 225 679 consiste,
235 633 382 670 numerare
391 633 440 668 eos
450 619 523 680 noli,
543 621 590 682 qui
604 621 658 670 tibi
672 627 773 670 metum
791 621 833 672 fa·

42 690 126 739 ciunt.
162 687 187 738 8.
200 687 298 738 Nonne
308 686 438 738 videatur
446 687 558 745 stultus,
569 687 595 736 si
606 687 667 752 quis
678 687 833 738 multitudi-

41 771 102 808 num
111 754 212 804 timeat
223 768 255 805 eo
266 755 343 815 loeo,
353 768 403 818 per
413 769 493 819 quam
504 756 638 806 transitus
648 753 764 818 singulis
776 753 839 804 estl

40 826 135 889 Aeque
150 821 186 873 ad
202 821 276 872 tuam
288 828 405 874 mortem
417 823 511 872 multis
522 823 616 874 aditus
629 827 683 871 noir
695 826 747 882 est,
768 821 842 874 licet.

41 892 118 940 illanr
139 889 223 938 multi
238 889 384 941 minentur.
419 890 466 942 Sic
480 889 555 939 istud
571 895 674 940 nuura
688 889 839 954 disposuit.⁴

42 957 238 1022 Spiritum-tibi
248 964 305 1019 tarn
316 972 386 1008 unus
397 957 506 1020 eripiet,
519 971 598 1020 quam
609 971 679 1006 unus
690 955 776 1006 dedit.
804 953 840 1008 Si

41 1026 176 1090 pudorem
185 1022 317 1085 haberes,
327 1025 453 1076 ultimam
464 1022 532 1074 mihi
542 1025 700 1088 pensionem
711 1024 834 1078 remisis—
894 1068 898 1086 „

41 1108 96 1142 ses.
113 1091 168 1142 Sed
179 1106 212 1141 ne
224 1105 275 1156 ego
286 1091 394 1156 quidern
406 1106 450 1142 sua
461 1093 571 1142 sordide
581 1105 674 1156 gerum
684 1091 835 1143 inloenore

42 1159 114 1210 aeria
124 1159 226 1218 alieni,
244 1165 272 1209 et
281 1161 335 1210 tibi
345 1159 418 1224 quod
429 1159 515 1210 debeo
525 1159 687 1224 impingam:
704 1159 730 1208 9.
742 1157 835 1219 „Nuu-

43 1241 125 1294 quans
143 1227 219 1278 solui
234 1227 336 1290 populo
356 1227 475 1290 placere.
511 1226 580 1276 Nam
603 1240 674 1290 quae
694 1239 746 1290 ego
765 1225 843 1283 seio,
930 1263 937 1283 ,

42 1310 98 1374 non
113 1295 218 1390 ‘probat
229 1294 359 1410 pgpuleun
380 1293 564 1410 qfluaarprobat
579 1293 708 1370 populus,
729 1305 841 1371 ⁰39.¹¹⁰‘'

1 1474 2 1478 a
42 1376 153 1495 {lla
167 1363 837 1494 illiti:'illamllltlsslllllll}

43 1497 129 1548 dumo
141 1497 357 1568 conclamabunt,
369 1494 558 1559 Peripatetici,
568 1495 730 1554 Academici,
737 1493 836 1554 Stoici,

44 1562 162 1628 Cynici,
181 1565 254 1624 Quis
262 1564 333 1614 enirn
346 1564 455 1628 plaeere
465 1569 558 1628 potest
568 1563 680 1628 populo,
691 1562 734 1611 cui
746 1563 840 1626 placat
907 1579 914 1596 ν

43 1629 152 1680 rirlosl
171 1631 255 1680 Malis
264 1631 368 1681 artibus
378 1631 519 1696 popularis
530 1631 609 1682 favor
619 1630 776 1696 quaesitum
798 1631 836 1679 si·

43 1699 140 1748 milani
155 1703 185 1748 te
200 1697 256 1748 illis
271 1697 356 1750 facias
367 1704 486 1764 oportet.
522 1700 582 1750 Non
592 1699 761 1764 probabunt,
780 1696 838 1746 nisi
932 1688 937 1698 ¹

44 1767 218 1832 agnoverint.
258 1765 297 1814 10.
317 1767 408 1818 Multo
423 1773 515 1818 autern
530 1767 567 1818 ad
580 1781 638 1818 reor
651 1765 739 1829 magis
751 1765 841 1828 perti-⁴

44 1839 107 1892 net,
126 1833 216 1897 qualis
228 1832 418 1894 tibilitanis,
437 1849 521 1899 quana
532 1833 622 1897 qualis
634 1831 707 1882 aliis.
743 1828 839 1880 Conni·

43 1902 110 1950 llari
129 1900 186 1950 nisi
202 1901 278 1964 'turpi
298 1901 406 1952 ratione
426 1916 504 1952 amor
525 1901 650 1964 turpium
665 1913 720 1948 non
735 1901 838 1960 potest.

46 1967 122 2027 Quid
138 1982 203 2033 ergo
219 1968 271 2018 illa
285 1968 397 2020 laudata
408 1975 436 2018 et
446 1967 573 2016 omnihus
585 1964 765 2030 praeferenda
774 1964 841 2013 arti·

44 2037 99 2086 bus
109 2036 244 2100 rebusque
256 2033 434 2102 philosophia
443 2032 612 2096 praestabili
625 2031 838 2080 Scilicetutrna·

44 2102 85 2152 lis
100 2103 151 2154 tibi
166 2103 288 2166 plaeere,
309 2117 390 2168 quarn
406 2099 520 2164 populo:
542 2101 574 2144 ut
589 2096 718 2148 aestimes
729 2093 842 2154 iudicia,

46 2185 104 2220 uon
116 2185 256 2222 numeres:
271 2176 302 2220 ut
312 2171 371 2220 sine
381 2172 457 2218 metu
469 2165 583 2217 deorum
594 2163 788 2227 hominumque
797 2161 840 2212 ui·

46 2251 110 2287 aas:
130 2242 162 2286 ut
173 2236 417 2294 autvincusmnla,
433 2240 480 2283 aut
491 2231 579 2281 finias.
617 2230 658 2280 ll.
679 2231 805 2282 Ceterum
815 2229 843 2280 si

47 2303 185 2354 tesidere
197 2303 333 2355 celebrem
346 2300 473 2358 secundis
484 2297 598 2352 vocibus
609 2299 725 2366 vulgl,ai
738 2298 842 2350 intran-

47 2377 79 2422 te
91 2377 121 2422 te
137 2371 257 2432 elamor,
277 2371 405 2436 plausus,
426 2375 454 2418 et
469 2368 666 2432 pantomimica
678 2371 843 2418 ornamenta

48 2437 272 2502 obstrepuerint,
294 2440 317 2490 si
331 2442 392 2488 tota
407 2437 519 2487 civitate
535 2435 652 2488 sentinae
668 2440 696 2488 te
710 2434 842 2502 puerique
881 2425 895 2446 ⁴

47 2505 238 2558 laudaverint:
261 2503 353 2570 quidni
368 2518 418 2573 ego
435 2503 478 2554 lui
493 2502 638 2568 miserear,
657 2518 739 2570 quum
754 2501 842 2552 seiam

49 2589 122 2648 quae
134 2574 183 2628 ria
194 2571 230 2625 ad
240 2573 325 2626 istum
336 2571 458 2632 {aurem
468 2567 560 2630 serati
