2136 3192
275 165 642 226 tupitudinem-4⁷.
801 179 852 230 lm

56 283 138 334 souti
158 279 243 334 immo
254 280 372 340 humiles
383 283 473 334 aorici.
501 283 578 340 Servi
589 291 671 340 susti
691 292 777 344 immo
789 307 852 346 con·

53 351 145 412 servi,
166 349 190 400 si
212 349 379 414 cogitaveris
400 353 561 406 tantundem
576 358 605 407 in
619 357 751 426 utrosque
766 361 851 414 licere

53 417 195 470 fortunae.
231 417 329 482 ltaque
349 417 428 468 rideo
449 418 519 470 istos
536 424 584 488 qui
598 430 676 492 turpe
691 430 851 481 existimant

56 501 117 536 curn
128 499 209 536 servo
223 497 274 534 cuo
285 497 415 536 coenare:
433 487 535 552 queret
555 491 679 558 nisiquia
689 498 850 563 superbissi-

53 569 100 605 ma
111 550 284 606 consuetudo
297 552 425 604 coenanti
437 553 549 606 domino
562 563 692 612 stantium
708 580 849 618 serrorum

53 621 167 674 turbam
183 619 374 672 circumdedit.
410 621 436 672 2.
454 621 507 674 Eat
522 623 572 676 ille
588 625 744 694 plusquam
766 636 849 702 rapit,

55 695 84 742 et
103 689 214 756 ingenti
233 687 367 740 ariditate
384 695 482 740 onerat
497 690 647 749 distentum
663 703 796 762 ventrem,
815 716 848 754 nc

55 758 203 812 desuetum
212 756 269 809 iam
278 758 385 838 yentria
396 756 497 820 officio,
504 765 535 810 ut
545 761 651 839 maiore
662 776 747 828 opera
758 768 849 818 omnnia

52 826 853 968 filiiflilltt‘tttti,ttiilt'lt’tiliilltt

52 977 179 1014 murmur
195 976 275 1013 omna
283 963 485 1027 compescitur:
506 971 535 1016 et
555 979 589 1018 ne
606 964 724 1020 formica
739 967 849 1034 quiden

52 1029 214 1083 verberibus
230 1034 347 1095 excepta
366 1035 445 1093 sunt,
469 1033 568 1094 tussis,
589 1042 848 1098 sternutamentum,

52 1100 205 1168 singultus:
216 1112 316 1164 magno
325 1098 398 1150 malo
409 1099 537 1153 ullavoce
547 1103 756 1168 interpellatum
767 1105 849 1156 silon·

51 1168 121 1218 tium
132 1167 233 1218 luitur:
253 1172 334 1218 nocte
346 1171 406 1217 toto
416 1167 504 1220 ieiuni
518 1172 642 1237 mutique
653 1179 786 1238 perstant.
822 1170 848 1226 3.

53 1233 101 1286 Sic
115 1236 161 1297 lit,
180 1241 213 1285 ut
226 1235 276 1284 isti
291 1234 325 1286 dc
336 1233 448 1286 domino
459 1236 621 1302 loquantur,
642 1241 741 1305 quibus
753 1252 849 1294 coram

52 1304 167 1356 domino
183 1303 260 1370 loqui
277 1317 330 1355 non
345 1304 422 1354 licet.
458 1305 494 1354 nt
509 1305 554 1355 illi
564 1307 663 1372 quibus
674 1323 727 1360 non
739 1313 847 1360 tantum

51 1385 146 1426 coram
158 1371 292 1436 dominis,
313 1371 362 1424 sed
375 1385 436 1422 cum
448 1371 517 1436 ipsis
530 1381 590 1426 erat
604 1390 710 1437 serino,
729 1389 847 1442 quorum

50 1457 83 1494 os
96 1455 152 1495 non
163 1439 364 1500 consuebatur,
381 1440 471 1506 parati
482 1447 562 1492 erant
572 1456 621 1508 pro
632 1443 742 1496 domino
758 1445 847 1510 porri·

49 1525 117 1579 gere
133 1510 282 1570 cervicem,
299 1508 453 1574 periculum
466 1509 613 1563 imminens
629 1511 657 1562 in
674 1518 845 1578 caputsuum

50 1584 188 1632 auertere.
224 1579 255 1630 lu
267 1575 398 1627 conviviis
409 1576 607 1644 loquebantur,
622 1580 708 1632 sedin
724 1587 845 1634 tormen-

48 1650 88 1698 tis
104 1645 243 1699 tacebant.
278 1643 387 1696 Deinde
402 1644 525 1697 eiusdem
538 1651 713 1716 arrogantiae
728 1664 843 1717 prover·

48 1718 126 1768 bium
141 1718 277 1766 iactatur:
305 1712 436 1764 Totidem
452 1729 514 1767 essa
529 1714 636 1780 hottes,
656 1724 725 1784 quot
739 1732 844 1772 servor.

46 1785 74 1836 4.
94 1783 156 1834 Non
168 1781 302 1834 habemus
312 1781 376 1833 illos
388 1780 497 1844 hostes,
508 1785 558 1836 sed
568 1784 694 1837 iacintus.
729 1786 792 1838 Alia
800 1787 845 1836 in-

47 1852 132 1905 terim
141 1849 271 1902 'crudelio
282 1853 310 1900 et
319 1848 467 1898 inhumana
474 1857 630 1914 praetereo,
636 1853 710 1919 quod
722 1868 773 1906 nec
783 1859 843 1906 tan.

49 1935 130 1985 quam
140 1918 297 1971 hominibus
308 1916 428 1982 quidem,
437 1914 487 1966 sed
498 1921 628 1982 tunquam
638 1921 768 1971 iumentis
779 1920 844 1971 abu·

47 1991 145 2038 timor:
158 1985 231 2054 quod
242 1999 323 2052 quum
335 1982 371 2034 ad
383 1983 552 2034 coenandum
565 1985 762 2047 discubuimus,
772 1986 844 2038 alius

47 2063 131 2122 sputa
148 2054 279 2122 detergit,
295 2051 366 2102 alius
376 2048 509 2114 reliquias
520 2051 734 2104 temulentorum
749 2051 842 2102 subdi·

48 2132 96 2174 tus
111 2123 233 2190 colligit,
252 2119 322 2171 elius
338 2116 478 2184 pretiosas
493 2130 558 2168 avos
575 2117 688 2169 scindit:
709 2123 804 2182 pectus
815 2123 846 2168 et

49 2193 159 2255 clunes,
179 2192 264 2244 certis
280 2185 413 2237 ductibus
427 2181 626 2238 circumferens
641 2185 776 2238 cruditum
789 2199 845 2238 mo·

48 2273 128 2322 num,
148 2261 176 2310 in
191 2259 281 2310 frusta
296 2252 410 2308 excutit.
445 2249 471 2303 d.
489 2251 591 2306 lulelix
605 2253 727 2323 quilinio
740 2254 785 2304 uni
802 2256 846 2307 rei

48 2327 132 2389 vivit,
154 2334 185 2379 ut
202 2325 292 2380 altilia
309 2323 440 2375 decenter
450 2321 539 2374 secet!
565 2323 620 2376 nisi
631 2323 703 2390 quod
714 2323 844 2378 miserior
891 2360 899 2374 .

46 2399 105 2458 cst,
116 2395 164 2464 qui
174 2395 228 2447 hoc
236 2391 388 2458 voluptatis
398 2403 483 2444 causa
493 2387 587 2455 docet,
604 2407 683 2460 quom
695 2392 742 2462 qui
752 2407 844 2445 neces·

45 2467 139 2516 sitatis
151 2462 242 2516 discit.
278 2463 355 2514 Alius
364 2458 422 2511 vini
432 2460 558 2512 minister
566 2459 596 2512 in
614 2455 773 2516 muliebrem
787 2475 845 2523 mm,

44 2535 109 2584 dum
128 2539 257 2591 ornatus,
271 2545 332 2583 cnm
349 2533 447 2581 aetate
457 2527 588 2582 luctatur.
624 2528 686 2582 Non
698 2535 792 2596 potest
805 2527 844 2578 ol·

43 2602 147 2670 lugere
157 2599 321 2667 pueritiom3
335 2596 501 2651 retrahitur:
518 2596 625 2664 iamque
637 2597 754 2650 militm-i
769 2595 860 2658 liubi·¹

42 2668 203 2739 tuglalier,
226 2667 366 2722 destrictis
376 2665 455 2734 pilia,
469 2669 518 2718 eut
526 2665 763 2733 nsnituserulats,
783 2667 849 2712 toto
