2136 3192
222 169 270 269 rs
335 223 336 228 Ν
371 281 373 286 ,
510 182 730 282 sinuosa

219 329 327 384 liberet.
361 332 387 383 t.
405 329 460 396 Qui
470 347 500 385 se
510 337 630 400 spectat,
641 339 670 386 et
681 338 795 402 propter
807 325 860 388 hoo
871 333 905 386 ad
917 333 1004 386 amici·

219 401 288 458 tiam
299 401 383 463 venit,
395 401 466 452 mele
478 407 595 468 cogitat:
611 401 838 468 quemadmodum
852 405 953 469 coepit,
967 405 1005 454 sic

220 469 338 531 desinet.
373 467 487 520 Paravit
497 470 612 522 anticum
626 470 758 522 adversus
769 471 878 523 vincula
888 472 1005 522 laturum

220 551 313 602 opem:
340 549 422 602 quum
445 540 561 612 primum
580 540 719 604 crepuerit
741 548 853 602 eatena,
879 538 1005 598 discedet.

217 605 280 656 liae
292 611 356 654 sunt
366 605 514 664 amicitiae,
524 621 591 672 quas
603 607 784 671 temporarias
796 607 911 672 populus
922 605 1006 672 appel·

218 670 269 724 lat.
305 671 359 734 Qui
374 687 459 724 causa
470 673 602 723 utilitatis
612 680 749 723 assumtus
761 679 818 736 est,
834 673 938 725 tamdiu
954 675 1008 738 pia·

217 739 308 800 cebit,
325 740 454 804 quamdiu
472 741 547 790 utilis
564 739 655 792 luerit.
691 741 753 790 Hac
764 755 792 791 re
803 742 932 792 llorentes
944 741 1009 792 anri·

176 825 183 833 ¹
220 822 315 858 corum
327 809 408 858 turba
418 805 613 858 circumsedet:
629 808 704 858 eirca
715 810 931 877 eversos-ingens
941 807 1007 858 soli·

217 875 286 926 tudo
302 883 357 924 est:
375 881 402 925 et
418 874 484 924 inde
499 873 583 925 annici
597 874 716 942 fugiunt,
733 877 781 926 ubi
792 879 949 941 probantur.
983 875 1008 925 8.

216 941 280 992 Hae
295 955 325 992 re
340 943 394 991 ista
408 946 451 990 tot
462 941 571 992 nefaria
580 941 795 1007 exemplarent,
810 945 925 994 aliorum
936 947 1010 992 metu

146 1026 150 1029 ¹
216 1009 445 1074 relinquentium,
458 1007 574 1060 aliorum
586 1015 661 1060 metu
673 1009 856 1076 prodentium,
891 1011 1009 1074 Necesse

181 1135 184 1140 Ι
217 1082 260 1126 est
273 1076 355 1126 initia
370 1076 445 1126 inter
459 1091 490 1128 se
502 1083 531 1128 et
541 1077 631 1127 exitus
642 1085 805 1142 cnrngruant.
841 1077 892 1138 Qui
905 1077 1009 1128 anricus

151 1145 163 1156 ”
217 1157 278 1195 esse
294 1147 398 1209 coepit,
415 1143 479 1210 quia
494 1143 621 1209 expedit3
641 1145 761 1210 placebit
777 1148 801 1196 ei
821 1144 934 1209 aliquod
951 1159 1010 1210 pro·

214 1281 285 1330 tium
302 1286 412 1346 praeter
426 1279 523 1346 ipsam.
558 1284 590 1333 lo
605 1281 670 1347 quid
686 1281 802 1330 aurinum
819 1279 901 1345 paroi
916 1285 947 1344 ut
965 1279 1013 1329 ira·

158 1403 160 1413 ¹
215 1349 295 1400 bearn
322 1363 372 1414 pro
395 1363 449 1415 quo
470 1348 540 1399 mori
558 1349 677 1415 possim,
696 1354 728 1398 ut
749 1347 864 1412 habeam
887 1361 967 1413 quem
981 1347 1011 1396 in

181 1443 195 1456 -·
215 1418 342 1468 exsilium
354 1431 468 1484 sequar,
482 1420 558 1468 euius
569 1430 613 1466 me
625 1416 708 1468 morti
719 1430 855 1482 opponam
867 1422 897 1478 et
907 1417 1011 1482 impen-

215 1484 289 1534 siem.
324 1483 349 1535 a.
367 1486 424 1535 ista
435 1498 516 1549 quam
529 1490 559 1532 tu
568 1481 711 1544 ,describis
723 1485 878 1556 negotiatio
891 1489 942 1546 est,
955 1498 1013 1533 non

157 1587 160 1594 ,
215 1550 354 1603 amicitia:
375 1565 446 1614 quac
465 1551 500 1600 ad
522 1550 834 1610 commodum-accedit,
855 1567 927 1616 quae
943 1551 1012 1616 quid

215 1621 399 1670 consecutura
411 1617 463 1678 sit,
483 1621 601 1683 spectat.
636 1617 699 1668 Non
716 1617 1013 1683 (lubiehabetaliquid

197 1686 306 1738 ¹simile
320 1685 470 1745 amicitiae,
486 1684 601 1736 affectus
617 1685 786 1736 amantium:
804 1686 893 1750 possis
906 1686 1012 1748 dicere,

176 1783 179 1790 ,
213 1755 295 1807 iliani
310 1768 371 1804 esse
387 1755 512 1804 insanam
527 1753 691 1804 amicitiam:
708 1753 837 1818 numquid
854 1769 921 1819 ergo
938 1755 1014 1820 quis·

214 1837 295 1889 quam
318 1828 392 1871 amat
413 1819 605 1872 lucricausa!
628 1822 760 1888 numquid
777 1821 938 1873 ambitionis
960 1828 1013 1872 aut

213 1888 337 1958 glomaci
371 1891 433 1954 lpse
446 1903 533 1954 perse
545 1901 636 1948 annor,
652 1889 773 1940 omnium
786 1890 900 1940 aliarum
916 1905 1012 1940 rerum

212 1959 370 2024 negligens,
387 1957 493 2011 arnimos
510 1957 538 2008 in
555 1955 734 2022 cupiditatem
750 1957 868 2019 lormae,
882 1972 938 2009 non
950 1960 1013 2010 sine

210 2039 263 2092 spe
275 2032 389 2076 mutuae
401 2025 536 2086 caritatis,
548 2025 681 2076 accendit.
720 2024 761 2076 10.
780 2025 854 2086 Quid
866 2025 953 2092 ergoi
974 2040 1014 2076 ex

211 2091 366 2146 hornosliori
383 2109 466 2144 causa
485 2095 542 2144 coit
557 2093 645 2158 turpis
666 2092 799 2144 affectusi
835 2093 896 2144 Non
908 2095 1013 2158 agitur,

212 2163 318 2228 inquis,
328 2178 399 2212 nuno
409 2161 471 2222 hoc,
481 2177 515 2212 an
528 2161 653 2213 amicitia
663 2168 776 2227 propter
786 2178 830 2223 se,
847 2177 881 2212 an
892 2167 1012 2228 propter

212 2231 289 2282 aliud
307 2231 343 2280 sit
359 2229 525 2296 expetenda:
546 2244 609 2280 nam
624 2229 658 2284 si,
667 2244 783 2295 propser
798 2233 915 2297 seipsam
927 2243 1014 2294 expe·

211 2301 297 2353 tenda
307 2305 364 2359 est,
381 2304 473 2365 potest
484 2297 517 2348 ad
530 2297 605 2347 illam
616 2297 759 2358 accedere,
774 2300 820 2364 qui
835 2300 926 2362 seipso
946 2313 1014 2348 con·

158 2367 165 2400 ⁷
210 2373 365 2419 tentusest.
401 2363 546 2428 Quomodo
559 2363 762 2430 ergoadillam
775 2366 900 2417 accediti
930 2365 1014 2426 Quo·

213 2435 295 2488 modo
312 2436 348 2485 ad
363 2448 421 2484 rem
434 2432 661 2498 pulcherrimam:
677 2447 730 2484 non
742 2433 818 2484 lucro
829 2427 942 2500 captus,
958 2449 1016 2484 nco

194 2496 349 2556 ¹uarietate
366 2499 493 2552 fortunae
509 2501 678 2566 perterritus.
714 2495 847 2554 Detrahit
867 2502 1016 2554 amicitiae

194 2601 198 2614 ·
211 2573 384 2624 maiestatem
404 2585 495 2630 suoru,
511 2569 556 2636 qui
571 2569 647 2622 illam
663 2575 744 2635 parat
759 2571 793 2620 ad
807 2571 894 2622 bonos
917 2583 1017 2624 casus.

214 2641 254 2694 ll.
275 2640 310 2694 Se
319 2644 518 2692 contentus-est
528 2640 649 2704 sapiens.
684 2637 799 2699 Herenni
816 2637 924 2698 Lucili,
941 2645 1017 2701 'per-

168 2745 172 2760 ,
212 2725 308 2779 peram
324 2709 449 2778 plerique
465 2708 697 2777 interpretantur:
714 2707 867 2776 rapientem
882 2705 1017 2774 undique
