2136 3192
247 176 535 252 EPiSTOME.
571 179 615 232 20.
792 177 827 232 6⁷
881 171 884 175 ’

52 298 73 346 t.
88 292 249 346 Dissimilem
268 297 297 344 te
316 293 378 346 fieri
406 285 500 344 multis
523 299 645 360 eportet:
686 296 750 348 dom
776 294 828 348 tibi

52 369 132 414 tutum
145 377 198 412 non
218 367 263 412 est
277 375 295 410 e
307 367 336 411 te
347 361 488 412 recedere:
506 363 682 428 circumspice
693 364 827 430 singulos.

51 432 129 482 Nemo
139 437 186 490 est,
201 430 244 478 cui
256 443 311 479 nou
322 430 410 480 entius
423 431 527 480 sitcum
538 431 661 495 quolibet
671 446 828 498 essequam

51 514 144 550 seeum.
162 499 241 548 'l'uue
252 498 399 564 praecipue
409 497 478 564 inte
488 495 547 562 ipse
558 498 663 559 secede,
674 515 755 566 quum
766 514 828 552 esse

52 568 148 632 cogeris
158 566 186 631 in
196 565 296 626 turbe,
311 567 336 616 si
346 567 435 616 bonus
447 563 504 624 vir,
518 565 543 612 si
554 565 674 630 quietus,
692 567 716 616 si
725 573 829 632 tempe·

51 650 109 685 runs
128 649 168 684 es:
189 634 313 698 alioquin
334 633 363 682 in
380 633 490 683 turbans
507 631 557 682 tibi
573 646 591 680 a
603 638 632 686 te
647 633 828 686 recedendum
901 643 904 652 ·

51 709 96 754 est.
117 700 182 754 istic
191 701 266 752 euim
272 701 349 754 muto
359 701 418 750 siro
430 699 543 766 propius
554 714 594 752 es.

237 802 482 887 uersroun
515 828 633 890 xxvi.

51 924 125 965 Senon
137 931 161 963 rs
175 930 233 969 erre,
246 922 358 960 ettamen
367 917 447 960 animo
455 915 540 968 vigere.
568 915 671 962 Fortiter
681 918 708 961 de
715 924 787 962 morte
796 921 829 963 le-

76 976 168 1032 quitssre
184 986 242 1030 puae
251 973 314 1019 tola,
330 971 424 1026 inquit,
438 971 538 1017 tutione,
550 984 583 1012 ast
601 973 695 1026 aliquit
713 973 747 1016 eit
753 973 830 1029 fusti.

76 1023 178 1084 Reliqua.
190 1027 259 1070 verbo
272 1031 343 1068 sunt.-
355 1025 424 1068 robur
435 1030 458 1066 et
468 1023 546 1066 virtus
557 1025 695 1081 apparebit,
708 1039 762 1069 cum
776 1029 829 1070 ani-

76 1097 134 1126 mam
142 1094 202 1136 aget.
232 1080 266 1122 Ao
278 1079 382 1136 Epicuro
395 1079 500 1122 consuta
507 1093 516 1116 .·=
526 1079 595 1122 Dirce
605 1085 702 1124 mertem
712 1081 832 1126 meditari.

96 1171 180 1223 Modo
196 1169 320 1220 dicebam
335 1168 400 1229 tibi,
414 1169 442 1218 iu
457 1173 604 1232 conspeetu
621 1184 736 1222 essetne
752 1185 831 1224 senc·

52 1243 143 1290 erutis:
160 1240 215 1288 ium
230 1252 343 1296 vereor,
354 1253 388 1288 ne
403 1243 573 1286 senectutem
584 1244 648 1301 post
658 1251 702 1288 me
713 1239 831 1302 relique·

51 1311 111 1357 rim.
143 1305 228 1357 Aliud
241 1303 350 1354 iambis
363 1308 454 1365 annis,
474 1310 549 1354 certe
560 1301 622 1355 huie
634 1305 742 1370 corpori
754 1318 833 1356 voco-

49 1376 137 1425 bulum
153 1373 294 1426 convenit:
310 1371 565 1438 quoniamquidem
581 1371 726 1434 Senectus,
741 1371 833 1426 iussae

50 1441 158 1502 aetatis,
177 1455 232 1490 non
253 1441 359 1492 froctae
382 1454 482 1490 nomen
504 1445 554 1489 est.
588 1440 663 1490 luter
677 1439 832 1507 decrepitos
871 1445 877 1466 '

48 1528 88 1562 me
103 1524 228 1572 numeru,
246 1515 274 1560 et
289 1515 413 1570 extrema
424 1514 576 1573 tangentes.
612 1507 724 1560 Grotius
739 1515 832 1570 tomen

50 1578 113 1629 mihi
130 1579 201 1643 opud
212 1584 240 1628 te
251 1592 317 1642 ego:
333 1593 387 1628 nun
400 1577 491 1628 sentio
503 1576 530 1626 iu
541 1576 631 1628 animo
644 1578 746 1630 aetatis
762 1580 832 1630 iniu-

48 1649 129 1707 riam,
145 1660 225 1710 quum
241 1645 402 1694 sensionem
419 1659 542 1710 corpore.
576 1646 601 1696 2.
619 1646 739 1698 Tantum
754 1648 832 1709 vitia,

49 1722 74 1766 et
86 1715 213 1764 vitiorum
225 1713 378 1764 ministeriu
389 1719 545 1764 senuerunt.
582 1709 664 1780 Viget
675 1715 790 1775 enimus,
802 1722 831 1766 ct

49 1781 149 1848 gaudet
158 1781 337 1850 nonmpltum
351 1782 403 1832 sibi
415 1797 474 1832 esse
485 1795 545 1832 cunr
558 1795 689 1847 corporo:
706 1795 833 1848 magnum
847 1797 850 1808 ⁵

49 1851 138 1901 oneris
153 1851 315 1920 partemsui
332 1849 471 1916 deposuit,
486 1850 621 1910 exsultet,
641 1855 670 1900 et
684 1848 750 1898 mihi
763 1848 833 1900 tecit

49 1919 263 1970 controversiam
285 1917 318 1968 de
339 1923 491 1968 senectute:
512 1915 584 1966 hunc
602 1917 642 1965 uit
659 1931 719 1967 esse
733 1915 830 1968 florem

48 2001 135 2038 suum.
172 1985 321 2038 Credamus
332 1985 388 2044 illi,
403 1985 475 2034 bono
487 1989 651 2033 suoutotur.
689 1983 733 2032 lre
744 1983 772 2030 in
786 1997 832 2032 cc-

47 2053 211 2115 gitatiooem
224 2055 311 2113 iuvet,
327 2058 356 2102 et
366 2050 510 2114 dispicere,
523 2048 628 2112 quidex
640 2047 690 2098 huc
703 2047 834 2113 tranquil·

45 2122 125 2172 litate
141 2129 169 2172 et
182 2121 319 2172 modestia
333 2133 438 2168 morunt
455 2117 607 2182 sapientiae
622 2114 748 2174 debeam,
768 2115 834 2182 quid

47 2187 147 2240 retati:
166 2196 194 2241 et
204 2189 352 2254 diligenter
367 2191 508 2246 exsistere,
525 2197 594 2248 quae
610 2198 665 2234 non
679 2183 779 2252 possirp
795 2184 834 2235 fu-

46 2273 124 2318 cere,
145 2272 218 2326 quae
234 2257 332 2306 nolim:
353 2254 490 2320 possintne
511 2252 629 2317 aliquid,
651 2252 724 2318 quod
739 2251 835 2304 nolim.

45 2325 69 2374 3.
87 2325 161 2377 Nam
182 2328 205 2376 si
222 2322 287 2390 quid
301 2339 354 2373 non
370 2336 494 2388 possum,
509 2336 561 2370 non
574 2335 654 2386 posse
665 2336 707 2372 me
718 2322 834 2388 gaudeo.

46 2393 124 2452 Quae
134 2394 206 2446 enim
218 2391 332 2458 querela
343 2397 399 2452 est,
416 2388 487 2456 quod
500 2389 715 2452 incommodum,
727 2387 749 2440 si
762 2390 834 2456 quod

46 2461 129 2512 debet
141 2461 276 2520 desinere,
288 2457 405 2512 detenti
423 2459 625 2510 incommodum
638 2473 771 2510 summurn
783 2463 835 2519 est,

44 2528 149 2593 inquis,
169 2530 255 2580 minui
271 2534 299 2577 et
314 2527 452 2592 deperire,
467 2534 507 2587 et,
521 2533 551 2578 ut
563 2528 670 2594 proprie
682 2527 786 2586 dicem,
802 2525 835 2592 ii·

45 2610 188 2658 tpueseere.
224 2596 284 2646 Non
300 2594 369 2646 eninr
380 2597 469 2646 subito
482 2597 591 2660 impulsi
603 2611 634 2645 oe
643 2592 775 2660 prostrati
792 2605 834 2640 su·

44 2677 116 2714 rous:
128 2663 284 2731 carpimur:
298 2663 403 2732 singuli
411 2663 468 2714 dics
479 2660 757 2776 uliquidEsuzbtrehunt
767 2655 834 2716 riri·
