2112 3184
158 301 160 306 Ι
258 201 628 294 scissorium.
783 213 848 308 ss¹¹⁷

52 354 97 400 nro
109 312 248 406 cupidum.
285 340 367 392 cneci
378 347 471 394 tamen
483 342 577 401 ducens
588 345 738 413 qusemmtr
749 359 802 399 nos
815 345 858 396 si·,

51 427 85 462 ue
97 408 317 470 succensemus,
332 415 360 460 ct
373 409 502 462 dicimus:
523 413 602 474 „Non
619 431 669 484 ego
686 417 850 470 ambitiosus

49 477 188 540 summes
200 491 283 530 nesso
294 477 380 530 aliter
388 478 493 531 Romae
504 487 596 546 potest
606 487 727 538 vivere.“
764 487 847 550 ·„Non

51 563 104 616 ego
113 552 277 598 sumtuosus
287 561 362 610 sum,
378 547 428 599 sed
437 549 501 600 urbs
511 551 572 614 ipsa
581 565 694 620 magnes
708 557 849 621 impensas

52 618 168 684 exigit.“
187 616 267 678 „Non
276 623 322 668 est
333 631 424 670 meum
435 617 533 668 vitium
542 619 769 686 quodirecundus
780 627 851 684 sum,

52 685 126 753 quod
142 686 263 738 nondum
283 685 416 738 constitui
432 695 536 744 eertum
551 689 737 761 genueritnez
759 693 879 745 udole·-
920 715 925 724 ·
962 707 963 712 ’
1049 679 1050 688 ¹

52 753 162 806 scentia
177 752 246 806 hece
260 755 358 807 ἐπὶν(
392 755 418 806 4.
439 757 509 820 Quid
531 771 584 808 nos
604 757 780 826 decipimus!
795 776 851 812 non

52 833 96 876 est
106 824 282 883 extrinsecus
293 823 395 876 melum
407 833 545 878 nostrums
561 827 636 878 intre
647 841 698 878 ncs
710 836 761 890 est,
771 829 799 876 in
811 829 851 879 vi·
886 845 893 858 ‘

51 892 178 944 sceribus
193 892 262 958 ipsis
278 892 367 945 sedet,
404 895 440 945 Et
455 893 519 945 ideo
536 893 685 948 difficulter
700 895 735 946 ad
750 898 853 948 sanita·
929 953 931 960 Α

52 969 109 1016 tem
126 959 317 1026 pervenimus,
332 961 397 1028 quie
413 977 463 1014 nos
478 970 626 1029 aegrotare
641 965 789 1016 nescimus.
826 965 854 1016 Si

52 1029 146 1082 curari
157 1030 344 1096 coeperimus,
355 1031 463 1100 quando
473 1037 518 1083 tot
528 1034 656 1096 morbos,
670 1039 799 1086 tentasse
811 1049 871 1104 aeg
940 1059 942 1064 ·

51 1097 209 1167 gritudines
228 1098 428 1152 discutiemus?
461 1097 542 1154 Nune
562 1117 628 1154 vcro
640 1119 675 1154 ne
696 1104 855 1170 quaerimus

50 1167 165 1234 quidem
174 1167 327 1220 medicums
345 1170 493 1236 quintinus
506 1173 611 1238 negotii
623 1171 754 1236 heberet,
771 1173 795 1222 si
806 1169 854 1222 sd·

49 1236 196 1300 biberetur
210 1237 245 1288 sd
260 1239 484 1300 reeens‘vitiumt
518 1239 544 1292 5.
563 1245 745 1308 sequerentur
764 1241 856 1293 teneri
905 1301 909 1310 ι

49 1313 81 1359 et
91 1305 177 1358 rudes
187 1309 283 1369 enimi,
293 1313 370 1358 recte
381 1313 589 1360 monstrantem.
604 1307 693 1362 Nemo
706 1309 854 1362 difficulter

48 1377 88 1428 ad
98 1381 227 1428 usturam
238 1375 396 1438 reducitur,
406 1377 460 1427 nisi
472 1377 518 1442 qui
528 1379 562 1428 uh
574 1377 626 1430 ills
636 1377 748 1430 defecit.
785 1382 853 1432 Eru-

47 1446 193 1499 bescimus
203 1446 311 1498 discere
319 1447 422 1498 nonem
438 1451 572 1497 mentem:
589 1453 619 1498 st
630 1445 813 1510 mehercules,
829 1447 855 1498 si

47 1523 135 1584 turpe
146 1521 190 1568 est
198 1515 362 1584 magistrum
373 1513 454 1566 huius
464 1514 505 1566 rei
517 1530 664 1582 poserem
673 1515 744 1571 illud
757 1517 854 1583 despe-

46 1585 170 1638 randum
189 1591 246 1648 est,
260 1599 343 1650 posse
359 1585 441 1636 nobis
452 1599 518 1636 essu
528 1585 747 1640 tantumbonum
757 1585 855 1638 intlue-
918 1597 921 1602 ·
939 1606 942 1615 =

47 1670 96 1706 re:
119 1653 304 1706 laborandum
316 1660 372 1708 cst:
394 1659 436 1718 et,
450 1659 485 1705 ut
494 1669 589 1706 rerum
602 1654 706 1718 dicem,
727 1657 868 1708 solabor
882 1663 886 1668 '

47 1721 165 1790 quidem
182 1737 297 1790 magnus
313 1729 368 1778 est:
404 1725 429 1776 6.
447 1725 469 1774 si
481 1723 573 1788 modo,
583 1732 614 1777 ut
625 1725 697 1790 dixi,
714 1731 778 1778 ente
790 1725 851 1776 sni·

46 1805 128 1844 snum
150 1797 277 1848 nostrum
298 1791 419 1845 formare
441 1793 600 1860 incipimus,
621 1803 650 1847 et
669 1795 854 1861 recorrigere,
891 1814 894 1818 ·
926 1831 930 1836 -

44 1876 136 1929 quam
153 1861 317 1916 indurescat
335 1863 456 1929 pratitas·
476 1863 557 1914 eius.'
582 1863 637 1916 Sed
654 1879 706 1916 nee
720 1863 864 1914 indurato·
889 1919 893 1928 .
947 1925 955 1936 '¹

47 1933 183 1998 despero.
217 1929 294 1984 Nihil
316 1939 359 1982 est
379 1929 454 1999 quod
474 1933 527 1982 non
556 1938 697 2000 expugnet
723 1931 855 1998 pertinax

47 2015 154 2068 opere,
175 2005 204 2052 et
214 2001 328 2052 intenta
344 2015 378 2065 ae
393 1998 512 2062 diligens
528 2013 603 2050 eura.
638 2001 752 2050 Robore
766 2001 797 2050 in
812 2013 856 2048 re·
902 2027 923 2037 ,ι

46 2077 139 2133 ctum,
150 2069 274 2136 quamvis
285 2067 371 2127 llere,
386 2067 547 2118 rcvccmis:
569 2071 698 2118 eus-rates
708 2067 801 2116 trebes
813 2077 857 2114 cs·
950 2081 955 2087 ·

45 2139 99 2192 lor
114 2137 253 2206 explicst3
274 2141 306 2187 et
317 2135 401 2186 aliter
415 2138 498 2184 nstee
513 2134 542 2184 in
557 2133 587 2184 id
604 2135 760 2198 tinguntur,
783 2131 857 2200 quod
945 2166 952 2186 t

45 2223 122 2260 usus
137 2214 235 2260 noster
249 2199 353 2270 exigit:
374 2192 606 2270 quinto'iscilius
624 2203 735 2255 enimus
753 2201 867 2268 accipit.

42 2277 188 2338 formam,
207 2273 355 2333 flexibilis,
376 2278 405 2325 et
421 2269 496 2322 omni
512 2269 626 2325 humore
638 2271 857 2338 obsequentiorl
910 2295 915 2302 ·

42 2349 73 2398 7.
95 2345 164 2414 quid
180 2344 253 2398 enim
269 2343 343 2396 aliud
355 2348 400 2394 'est
412 2339 536 2405 enimus,
556 2357 634 2408 quem
652 2341 864 2410 quodammodo,
881 2347 883 2352 “

39 2431 78 2470 se
91 2417 200 2470 habeus
210 2412 344 2484 spiritus!
360 2411 551 2466 Vides-sutem
562 2417 639 2464 tanto
650 2413 780 2480 spiritum
792 2425 854 2466 esse
906 2431 911 2439 ¹

41 2485 212 2540 faciliorem
234 2483 309 2536 omni
331 2482 389 2534 elie·
406 2482 539 2553 materis,
559 2487 663 2549 questo
679 2486 789 2535 tenuior
802 2487 854 2534 est.
910 2521 914 2526 .

39 2555 140 2618 illuri,
161 2557 200 2605 mi
215 2553 315 2615 Lucili,
326 2556 436 2606 nonest
448 2551 521 2620 quod
531 2557 560 2604 te
569 2553 718 2620 impediet,
740 2566 794 2620 quo
806 2548 857 2598 mi·

37 2641 104 2678 nus
119 2626 157 2678 sle
173 2625 251 2676 nobis
266 2625 335 2676 bene
345 2632 456 2690 speres,
480 2622 553 2688 quod
564 2622 738 2674 malitinism
748 2633 800 2670 nos
815 2621 857 2666 te·

22 2701 113 2756 met,
134 2692 209 2760 quoti
226 2693 275 2743 diu
289 2695 319 2743 in
329 2689 514 2758 possessione
529 2692 618 2744 nostri
634 2695 685 2741 est.
720 2688 746 2738 Β.
761 2686 801 2736 Ad
812 2699 858 2734 ne·

34 2759 157 2816 mrinem
172 2767 238 2816 onte
253 2761 328 2816 bono
343 2775 422 2813 mens
441 2759 532 2821 venit,
552 2773 633 2825 quem
654 2754 741 2806 meles
761 2767 857 2805 omnes
