2112 3184
135 235 157 252 „
198 220 203 236 ,
236 119 535 239 meronie
565 169 609 226 rr.
776 171 827 229 ιω

34 281 131 340 omncs
144 285 196 340 hus
210 286 321 342 fertiles
333 303 446 356 campos
461 290 605 358 repentina
614 289 698 344 maris
709 291 826 346 inunda-

32 359 73 408 tio
83 357 244 419 abscondet,
265 357 482 410 autinsubitaro
493 375 638 420 cavernam
654 361 824 418 considenti·
845 371 848 375 '

31 425 85 476 soli
93 425 187 494 lapsus
198 424 323 495 abducet.
360 425 402 479 15.
420 427 494 490 Quid
505 435 548 480 est
558 444 639 498 crgo,
654 446 741 498 quare
752 430 825 484 indi·
884 463 889 474 ·

30 501 114 562 gner,'
130 499 180 544 not
194 491 319 555 doleam,
338 493 365 546 si
376 495 476 563 exiguo
489 505 628 564 momento
638 501 750 565 publica
762 501 824 553 lata

29 559 182 635 praecedo}
203 561 325 630 Magnus
334 563 444 626 enimus
455 563 516 616 Deo
527 571 642 630 porcat:
653 573 681 618 ct
691 569 824 637 quidquid
907 602 911 610 ι

29 634 76 686 lex
90 629 209 684 universi
224 630 318 691 iubet,
338 633 398 686 sine
413 633 593 686 cunctatione
603 634 734 700 patiatur.
769 639 824 692 Aut

28 703 58 751 in
70 697 207 752 meliorent
220 699 359 752 emittitur
372 701 475 765 vitam,
495 701 617 754 lucidius
633 704 822 770 tranquillius·

29 767 436 836 queioterdivinamensurusr
456 771 733 839 aut'certesineullo
747 771 822 824 lotn-
903 788 910 800 ¹

26 853 77 891 rus
87 835 270 899 incommodo,
280 843 399 898 naturae,
407 852 477 891 ruas
487 839 691 904 remiscebitur,
701 844 824 892 etrerer·

27 905 242 959 tetorintotum.
256 903 297 958 ld.
308 905 419 959 Nonest
429 907 663 974 ergoltwemnis
673 907 824 961 meiusbo·

24 989 93 1027 num
104 972 219 1028 honesta
228 973 293 1039 rito,
304 979 386 1045 quam
397 990 473 1028 mors
484 974 615 1032 honesta:
626 979 758 1046 quoniam
767 991 824 1030 non

24 1043 184 1098 intenditur
190 1043 289 1096 virtus.
302 1045 380 1098 lde'm
391 1059 452 1098 esse
463 1043 573 1099 dicebat
583 1045 714 1099 Socrates
723 1046 824 1098 verita·

24 1121 82 1166 tem
94 1119 123 1166 et
133 1113 274 1178 virtutem.
299 1108 443 1178 Quomodo
457 1114 509 1166 illo
519 1129 574 1166 non
585 1116 700 1178 crescit,
719 1117 823 1166 sienae
888 1177 894 1186 .

23 1182 246 1248 virtorqui'dem.
262 1183 357 1235 liabet
369 1197 583 1246 numerosum,
594 1184 738 1250 plenaest.
758 1183 822 1242 Non

23 1258 70 1304 est
78 1253 173 1318 ltaque
185 1248 260 1318 quod
272 1251 381 1303 mireris
391 1251 471 1317 pario
481 1267 544 1304 esse
556 1253 643 1314 bona,
665 1258 694 1304 ct
704 1249 774 1319 quae
786 1265 822 1304 ex

21 1319 170 1388 propositi
190 1319 324 1372 sumenda
342 1326 422 1381 sunt,
443 1326 472 1372 et
492 1334 565 1386 quae
580 1321 675 1374 subita
687 1335 732 1384 res
747 1319 823 1376 tulit.

20 1406 88 1442 nom
110 1388 135 1440 si
151 1387 472 1456 hancloeequalitaicm
487 1388 642 1456 receperis,
662 1395 694 1441 ut
708 1388 824 1457 fortiter

19 1457 149 1526 torqueri
160 1457 189 1510 in
200 1457 354 1510 minoribus
364 1456 448 1510 bonis
457 1473 598 1522 numeres,
616 1460 773 1518 numerabis
784 1465 825 1513 ct·
867 1463 882 1472 '

18 1532 79 1580 inm
100 1528 129 1578 in
142 1525 244 1580 melis:
282 1526 323 1580 1⁷.
342 1534 372 1581 at
386 1525 528 1582 infelicem
544 1527 686 1582 Socratem
702 1529 778 1582 dices
794 1529 824 1580 in

17 1609 150 1657 carcere,
179 1594 318 1650 infelicem
336 1598 475 1666 ,Catonem
506 1598 623 1651 vulnera
649 1610 700 1652 sua
720 1599 832 1652 animo,

17 1669 93 1736 niusa
102 1679 184 1732 quam
195 1663 312 1730 lecerat,
322 1673 536 1722 retrectantem:
551 1668 824 1727 calamitosissimum

16 1733 149 1789 omnium
163 1734 319 1803 Regulumf
333 1737 400 1790 lidei
414 1751 518 1804 poenes
530 1738 614 1792 etiem
626 1738 755 1793 hortibus
766 1751 826 1790 ser·

15 1813 107 1858 satae
123 1805 315 1872 pendentem}¹
335 1808 419 1874 Atqui
438 1821 519 1860 nemo
541 1807 596 1860 lroc
610 1805 717 1868 dicere,
738 1821 773 1857 ne
789 1819 825 1858 ex

13 1873 201 1928 mollissimis
216 1875 326 1944 quidem
332 1879 345 1939 ‚'
358 1871 444 1944 ausus
458 1877 514 1928 ent.¹
539 1877 650 1942 Negent
662 1877 732 1927 enirn
744 1873 824 1928 iilum

15 1959 84 1999 esse
96 1944 221 2003 beatum,
232 1943 280 2008 sed
291 1950 384 1995 tamen
395 1949 500 2009 negent
510 1943 652 1993 miserum.
667 1939 825 1992 Academici

13 2021 136 2066 veteres
151 2011 263 2062 beatum
279 2009 391 2076 quidem
407 2011 563 2062 eseeetiem
575 2007 709 2066 interhos
720 2009 825 2060 crucia·

11 2094 68 2134 tos
80 2079 224 2140 fatentur,
239 2077 288 2129 sed
300 2092 355 2128 non
363 2077 399 2128 ad
411 2077 574 2142 perlectum,
585 2091 637 2126 nec
649 2076 684 2126 ad
697 2075 824 2141 plenumr

11 2149 99 2220 quod
110 2147 189 2199 nullo
200 2145 284 2199 modo
298 2151 392 2212 potest
401 2146 497 2212 recipi.
537 2145 578 2196 18.
588 2143 652 2195 Nisi
663 2146 761 2196 beatus
770 2148 824 2207 est,

6 2225 44 2274 in
57 2231 173 2272 summo
183 2215 321 2276 bononon
331 2220 390 2280 est,
418 2214 498 2278 Quod
510 2227 646 2265 summum
657 2212 760 2265 bonum
772 2219 825 2278 est,

7 2303 112 2356 supro
122 2301 154 2340 se
165 2285 281 2353 gradum
292 2298 347 2349 non
357 2281 455 2338 habet:
466 2282 579 2336 simodo
590 2282 632 2335 ilii
642 2284 730 2336 virtus
742 2283 824 2346 inest,

8 2363 41 2411 si
51 2359 137 2416 iliam
151 2355 271 2408 adverso
281 2369 337 2405 non
348 2352 486 2416 minuunt,
508 2353 533 2403 si
545 2358 639 2406 monet
648 2355 732 2408 etiam
748 2367 823 2410 com<-
923 2371 930 2382 ·

3 2430 136 2482 minuto
146 2437 262 2492 corpore
272 2420 427 2474 incolumis.
448 2422 660 2476 Manetautem.
682 2423 825 2477 Virtutem

4 2498 98 2551 enini
110 2493 239 2560 intelligo
251 2493 405 2550 animosam
417 2497 446 2544 et
456 2491 611 2546 excelsam:
624 2507 704 2559 quam
716 2491 828 2551 incitat·

3 2561 161 2634 quidquid
179 2562 303 2614 infestat.
343 2563 425 2628 Hune
443 2563 563 2614 animum
582 2565 662 2628 quem
685 2575 767 2626 saepe
786 2559 826 2608 in·

2 2639 111 2700 donni
122 2645 276 2700 generosae
288 2630 390 2683 indolis
401 2632 529 2696 iuvenes,
540 2645 607 2699 quos
619 2626 825 2684 slicuiushone·
882 2689 886 2700 ,

4 2713 80 2760 stae
102 2698 148 2756 rei
166 2697 347 2774 pulchritudo
366 2701 517 2768 percussit,
542 2699 687 2764 utomniu
706 2695 824 2748 fortuite
