2112 3184
218 179 269 238 rso
508 135 729 230 sunnone
762 157 769 166 ‘
825 199 827 206 ·

217 315 302 368 saepe
311 297 418 351 hosam
428 295 549 350 timuere
559 297 619 349 sine
629 311 728 358 eausa,
748 293 974 366 tutissimumque
984 297 1017 350 ll·

217 371 255 423 lis
266 373 328 430 iter,
340 365 414 434 qlsod
425 367 662 432 suspectissimum
676 365 743 416 luit:
756 367 795 416 nil
804 367 928 436 stultitia
939 381 1018 432 paca·

217 444 279 490 tum
295 435 392 488 habet:
413 441 472 487 tam
488 436 665 500 superne‘illi
676 440 765 486 metus
775 442 828 496 est,
838 449 921 502 quam
932 435 1016 486 inira:

216 512 368 571 uirumque
384 503 508 571 trepidat
519 504 604 556 latus.
638 505 664 554 8.
683 503 842 569 Sequuntur
857 504 981 569 pericula
992 511 1018 556 ct

217 579 377 635 occurrunt,
388 573 424 625 ed
435 576 528 626 omnin
537 578 629 640 pavet:
641 575 779 639 impurata
790 579 842 634 est,
853 578 882 623 et
891 573 1017 636 ipsister-

217 648 298 696 retur
309 643 432 694 auxiliis.
467 641 586 709 Sapiens
596 649 699 706 autem,
710 641 743 690 ad
759 656 867 692 omnem
880 641 1017 692 incursum

217 711 345 762 munitus
356 714 528 776 nimicitias,
541 725 595 762 non
606 711 805 778 si'pntrpertss‚
817 711 907 766 nonsi
917 709 1017 769 luctus,

219 794 276 832 non
287 779 312 831 si
321 781 548 846 ignominiosum
560 779 809 846 sidolorim'petum
817 778 911 838 secuit,
922 779 1017 844 pedem

218 849 332 901 referet
367 850 516 900 Interritus
527 855 556 900 et
567 855 667 900 eontra
677 847 728 900 illa
738 848 804 909 ibit,
827 853 856 898 et
871 848 946 897 inter
962 846 1016 897 illa.

216 917 277 972 Nos
288 914 377 967 multe
389 917 612 984 siiigsntpnmlts
625 917 787 969 debilitant:
807 915 854 965 diu
866 930 894 964 mr
905 921 968 966 istis
979 917 1016 964 ri·

217 987 267 1038 tiis
283 984 432 1046 iscuimus,
453 986 511 1036 elui
526 986 640 1038 difficile
651 994 705 1036 est:
725 1001 780 1036 mon
792 986 865 1036 enim
877 983 1017 1050 inquinati

218 1069 328 1116 sumus,
344 1053 393 1106 sed
403 1053 508 1106 iniecti.
542 1055 569 1106 9.
588 1054 631 1106 Ne
640 1055 674 1108 eh
686 1055 875 1120 allaimsgine
885 1051 922 1102 ad
938 1052 1016 1103 aliam

203 1128 404 1184 'transeamus
415 1121 468 1174 hoc
479 1137 624 1189 quaeram,
634 1123 709 1190 quod
721 1139 825 1174 mecum
838 1135 923 1188 saepe
936 1121 1015 1186 dispi-

219 1194 279 1258 cio,
301 1191 365 1258 quid
381 1192 422 1242 ita
437 1205 487 1244 nos
501 1192 625 1244 stultitia
642 1200 704 1242 tum·
714 1191 896 1258 pertinaciter
918 1195 1016 1242 teneat.

133 1309 135 1314 ,
218 1259 315 1314 Primo
331 1261 398 1329 quis
414 1275 468 1313 non
484 1261 597 1316 fortiter
611 1260 689 1312 illum
701 1261 878 1328 repellimus,
897 1265 1017 1309 neertoto

219 1329 256 1382 ad
269 1331 387 1382 salutem
398 1331 504 1396 impetu
514 1330 643 1380 nitimur:
660 1329 776 1394 deinde,
787 1329 852 1396 quie
863 1327 1020 1394 illaquaeu

219 1399 394 1466 sapientibus
410 1399 478 1452 viris
490 1405 603 1466 reperte
620 1404 697 1458 sunt,
716 1413 771 1448 non
787 1399 858 1448 satis
874 1399 1020 1457 eredimus,

216 1481 273 1520 nco
282 1469 388 1534 apertis
400 1470 559 1534 pectoribus
571 1467 721 1528 haurimus,
731 1467 885 1532 leviterque
895 1472 954 1518 tens
963 1481 1022 1517 ma·

160 1545 178 1564 ³
219 1549 293 1602 gnae
304 1537 345 1587 rei
355 1537 517 1588 insistimus.
556 1538 597 1587 10.
617 1535 852 1598 Quemadmodum
865 1542 1022 1602 eutempo·

218 1610 279 1658 test
290 1604 407 1670 aliquis,
418 1611 551 1670 quantum
562 1605 695 1666 sederit,
708 1605 843 1658 adversus
855 1605 1022 1670 ritisdisre·

140 1733 150 1740 ἢ
218 1686 265 1734 re,
288 1672 334 1740 qui
351 1673 716 1739 quantumavitiisvacat,
736 1673 837 1726 dissiti
873 1675 1023 1725 Nemeno-

219 1749 309 1796 strum
324 1742 353 1792 in
367 1740 453 1794 situm
468 1741 623 1794 descendite
644 1757 752 1794 summa
762 1749 870 1800 tentum
882 1743 1024 1809 decerpsi·

218 1825 295 1864 situs:
308 1817 337 1863 et
347 1811 477 1876 enignnn
488 1812 625 1878 temporis
636 1811 805 1878 impendisse
816 1811 1027 1878 philosophiae,

219 1879 409 1933 satisaltuudc
429 1894 464 1932 ue
477 1883 618 1947 occupatis
630 1881 692 1933 iuli.
730 1881 770 1934 ll.
790 1881 861 1932 lllud
874 1883 1027 1949 praecipue

176 1985 186 1994 ·
218 1949 345 2016 impedit,
357 1895 430 2016 quog
442 1952 497 2002 cito
508 1950 588 2010 nobis
600 1949 751 2018 placemusr
772 1951 798 2002 si
808 1951 966 2001 invenimus
977 1951 1027 2016 qui

219 2034 271 2070 nos
287 2020 373 2070 bonos
388 2019 465 2072 viros
481 2017 571 2082 dicat,
594 2020 640 2088 qui
652 2019 819 2086 prudentes,
840 2020 888 2084 qui
899 2025 1029 2082 sanctos,

129 2127 138 2140 .
219 2089 404 2155 agnoscimus.
440 2087 499 2141 Nec
509 2103 603 2141 sumus
614 2087 723 2140 modica
732 2087 894 2148 laudatione
911 2095 1029 2140 conten·

119 2629 126 2636 ἢ
187 2607 192 2614 .
220 2567 374 2628 olisaudit,
390 2567 418 2618 in
429 2569 534 2634 rapinis
547 2571 789 2633 liberalissimum,
800 2572 826 2622 in

219 2159 257 2208 ti:
279 2157 413 2225 quidquid
431 2159 460 2209 in
474 2173 526 2210 nos
541 2157 665 2210 adulatio
681 2157 858 2223 sine‘pudore
869 2159 1027 2224 congessit,

159 2281 161 2285 ,
219 2230 352 2296 anquam
364 2227 489 2278 debitum
501 2225 673 2293 prendimus:
689 2227 810 2292 optimos
822 2241 871 2276 nos
882 2240 962 2288 esse,
982 2243 1028 2278 sa·

220 2293 425 2360 pientissimus,
444 2294 646 2348 affirmantibus
658 2297 842 2358 assentimur,
853 2309 940 2360 quum
955 2299 1028 2347 scia·

185 2383 196 2431 ſs
218 2360 280 2412 mnis
296 2364 363 2434 illos
382 2377 466 2428 saepe
478 2366 595 2417 mentiri.
633 2365 673 2417 12.
692 2365 822 2432 Adeoque
842 2363 1027 2432 indulgemus

219 2430 315 2492 nubis,
331 2437 362 2482 nt
371 2431 480 2483 laudari
491 2433 608 2487 velimus
620 2433 702 2497 inid,
714 2437 759 2486 cui
772 2433 914 2486 contraris
925 2449 1030 2502 quum·

219 2500 339 2552 merisne
349 2498 476 2564 lenimus,
511 2501 689 2554 Mitissimum
699 2503 789 2556 illese
799 2503 825 2553 in
835 2503 906 2622 igis
917 2506 1030 2568 suppli·

219 2651 253 2689 uc
273 2636 433 2695 libidinibus
453 2639 725 2704 temperatissimum.
761 2573 1035 2709 Sequiturrteitffiues'

172 2765 174 2770 ,
207 2710 251 2794 ἱιιι
261 2705 444 2761 ideormutsnt
453 2706 584 2776 nolimus,
594 2711 659 2786 puin
668 2723 719 2763 noos
730 2713 850 2780 optimos
857 2723 922 2782 esse
934 2711 1035 2764 credi·
