2136 3192
253 219 289 274 dd
543 207 766 263 SENECAE

253 339 468 402 adhucpeceure
484 331 635 392 erubescit3
656 323 818 378 nutriendus
835 327 878 373 est
892 321 937 372 hic
945 312 1040 386 pudor:
1062 288 1063 293 ¹

252 407 301 474 qui
312 405 444 470 quamdiu¹
452 404 480 452 in
492 402 584 452 animo
593 399 651 448 eius
664 393 813 451 duraverit,
825 391 924 454 aliquis
935 391 986 438 erit
997 391 1040 438 bo-

252 489 306 525 uee
316 473 375 538 spei
386 473 472 522 loeus.
508 471 575 518 Cum
588 467 641 516 hoo
650 469 779 514 veterano
792 461 901 526 parcius
912 457 1041 524 agendum

155 547 161 553 '
251 547 331 606 puto,
341 556 375 590 ne
385 541 413 588 in
424 537 643 602 desperationem
655 533 699 582 sui
710 531 814 587 veniat:
827 543 875 578 neo
886 527 968 574 uiium
978 529 1041 573 tem·

234 623 306 674 *pus
317 593 495 674 aggrediendi
512 604 613 654 melius
628 601 694 662 suit,
713 613 792 662 quom
804 597 869 654 hoe,
886 595 947 643 dum
959 593 1040 642 inter-

253 677 387 742 quiescit,
406 675 471 724 dum
487 671 633 724 emendato
646 667 745 717 similis
762 669 812 714 est.
848 661 873 714 3.
892 661 959 712 Aliis
978 659 1042 708 haee

251 746 419 796 intermissio
437 742 495 791 eius
513 738 656 802 imposuit:
673 734 738 800 mihi
754 734 838 782 rerba
854 744 907 780 non
922 727 980 788 dot3
1001 742 1043 800 px-

252 820 349 878 speeto
361 825 421 860 curn
432 822 531 874 magno
543 806 658 855 foenore
669 803 737 852 ritis
749 801 884 856 reditura,
897 811 963 860 quoe
975 810 1043 844 nune

254 881 448 936 emonensem,
465 890 520 924 non
536 874 642 924 deesse.
678 869 834 936 impendum
847 863 909 914 hoio
918 864 958 914 rei
973 863 1044 912 dies:

254 955 284 1000 et
294 954 385 998 utrum
397 944 485 1009 possit
495 941 602 1006 aliquid
614 940 675 1005 agi,
687 955 722 989 ιιιι
733 952 785 988 ιιοιι
798 935 897 999 possit,
913 933 1044 996 experior.

255 1015 300 1068 Tu
316 1014 395 1064 nobis
411 1019 454 1072 te,
474 1017 506 1061 ut
522 1008 604 1070 faris,
624 1009 725 1060 fortem
742 1009 867 1069 praesto,
887 1007 915 1050 et
926 1001 1045 1050 sarcinas

253 1081 396 1134 contrahe.
433 1079 511 1132 Nihil
522 1095 556 1130 ex
567 1079 610 1128 his
623 1090 693 1142 quoe
706 1073 847 1129 holremus,
860 1069 1044 1118 necessarium

255 1155 308 1200 est.
343 1149 385 1200 Ad
400 1151 490 1214 legem
507 1149 825 1210 naturaererertamur:
843 1137 1044 1202 divitisopsm-

253 1225 384 1270 tsesunt.
419 1217 445 1268 4.
464 1219 518 1266 Aut
539 1213 690 1280 gratuitum
712 1217 754 1259 est
777 1221 830 1272 quo
853 1219 980 1270 egemus,
999 1209 1046 1253 eut

253 1287 318 1338 vile.
354 1286 457 1336 Panem
475 1289 503 1336 et
519 1297 617 1348 aquom
633 1285 735 1330 notura
750 1273 903 1326 desiderat:
920 1287 1001 1322 nemo
1014 1271 1047 1320 ad

253 1354 324 1406 hoec
341 1367 445 1420 pauper
461 1358 516 1404 est:
539 1352 632 1415 „intra
647 1363 717 1412 quse
735 1343 861 1410 quisquis
884 1340 1047 1391 desiderium

254 1438 334 1473 suum
351 1423 447 1482 clusit,
464 1421 602 1484 cumipse
620 1419 684 1466 lore
699 1415 733 1464 de
751 1412 882 1462 felicitate
894 1409 1048 1467 contendat,

96 1499 103 1516 ¹
194 1503 200 1508 ·
253 1498 287 1541 ut
298 1491 337 1540 nit
350 1491 520 1554 Epicuruo:“
542 1487 619 1536 euius
630 1483 749 1548 aliquam
763 1495 855 1530 rocem
867 1479 931 1529 huie
947 1479 1047 1543 episto-

253 1559 299 1610 lae
310 1558 456 1607 involvam.
493 1555 558 1615 „Sic
568 1552 641 1610 idest
657 1549 763 1615 inquit,
778 1548 903 1609 ,‚omnis‚
919 1552 1049 1610 tanquam

255 1629 365 1692 spectet
383 1623 550 1688 Epicurus.“
587 1617 704 1668 Prodest
721 1619 780 1664 sine
791 1615 890 1674 dubio,
906 1615 1050 1664 custodem

255 1693 309 1745 sibi
320 1691 494 1756 imposuisse,
506 1695 534 1738 et
545 1685 647 1735 hebere
659 1699 737 1748 qoem
749 1683 898 1747 respicias,
915 1697 997 1749 quem
1008 1681 1052 1729 in-

232 1767 237 1776 '
255 1768 362 1812 teresse
379 1751 661 1822 cogitationibustuts
673 1751 786 1800 iudiees.
824 1749 849 1800 5.
867 1751 931 1799 Hoc
945 1750 1055 1816 quidem

256 1831 342 1894 longe
357 1823 580 1892 magnificentius
596 1826 652 1880 est,
673 1821 714 1869 sio
736 1819 829 1868 rivere
849 1823 982 1882 tunquam
1003 1819 1054 1867 sub

258 1897 379 1948 alieuius
389 1893 456 1944 boni
465 1891 532 1951 viri,
546 1905 577 1940 ao
588 1903 697 1953 semper
707 1887 877 1954 praesentis,
889 1887 991 1950 oculis:
1006 1886 1058 1936 sed

258 1979 313 2032 egro
325 1965 409 2015 etism
420 1962 473 2012 hoe
483 1963 630 2010 contentus
643 1971 715 2018 sum,
725 1962 756 2006 ut
766 1957 807 2005 sie
819 1956 905 2006 foetos
918 1969 1057 2020 quaecun-

258 2049 312 2101 que
327 2033 426 2092 fseies,
447 2036 577 2096 tunquam
592 2031 697 2092 spectet
713 2027 821 2090 uliquis.
858 2025 959 2074 Omnia
975 2025 1060 2072 nobis

258 2103 335 2154 niolo
344 2099 467 2152 solitudo
478 2095 636 2168 pessundet.
672 2095 760 2154 Quum
769 2097 822 2144 inm
835 2092 991 2158 profeceris
1000 2097 1062 2142 tan-

259 2178 329 2232 turn,
341 2178 374 2222 nt
386 2170 425 2220 sit
435 2169 485 2219 tibi
499 2167 583 2218 etiarn
593 2163 635 2214 tui
645 2163 813 2223 reverentia,
824 2162 920 2212 licebit
931 2161 1061 2210 dimittas

259 2241 466 2305 paedagogum:
481 2237 591 2286 interim
607 2242 635 2282 te
651 2232 806 2296 aliquorum
824 2231 998 2280 auctoritate
1018 2246 1051 2279 cu

259 2307 345 2359 stodi.
381 2308 406 2357 6.
426 2308 481 2356 Aut
496 2307 564 2353 iloto
574 2301 623 2350 iiie
634 2301 679 2358 sit,
690 2306 738 2349 aut
750 2297 858 2363 Scipio,
874 2305 923 2349 sut
935 2297 1055 2348 Laelios

261 2381 312 2426 nut
333 2371 409 2423 cuius
420 2373 577 2422 interventu
591 2368 694 2432 perditi
714 2381 822 2432 quoque
843 2366 971 2417 homines
992 2367 1056 2414 viti.

260 2443 478 2507 supprimerent:
490 2441 553 2490 dum
566 2443 594 2488 te
605 2436 689 2486 efficis
700 2451 776 2496 eum,
796 2451 886 2487 coram
899 2449 956 2500 quo
967 2447 1060 2499 pecco

259 2525 292 2562 re
302 2525 356 2560 non
369 2509 482 2559 ondens.
518 2507 606 2566 Quum
620 2503 688 2554 haee
700 2503 839 2567 effeceris,
855 2510 884 2554 et
894 2504 993 2568 aliquo
1007 2517 1060 2552 coe

260 2577 335 2646 perit
345 2578 417 2642 opud
430 2584 459 2627 te
469 2577 509 2624 tui
521 2589 582 2626 esse
605 2573 738 2640 dignatio,
751 2575 881 2638 incipiam
892 2581 921 2620 te
932 2573 992 2622 titii
1007 2587 1057 2636 per

261 2649 385 2700 mittere:
403 2643 564 2710 quod¹idem
578 2641 678 2692 suadet
691 2643 833 2706 Epicurus.
868 2641 973 2700 „Tune
989 2653 1061 2704 prae

263 2719 342 2784 cipue
352 2716 381 2768 io
393 2721 421 2768 te
431 2711 612 2781 ipseseoede,
623 2726 705 2780 quum
717 2725 778 2764 esse
789 2709 896 2777 cogeris
908 2709 938 2760 in
953 2709 1055 2761 turbu.
