2112 3184
5 197 6 204 '
70 287 73 294 Ι
147 197 614 303 emarcuerant.
693 247 695 251 .
751 201 851 274 ‘aro

36 334 124 387 aridus
136 331 206 398 erat,
228 337 255 386 id
268 337 309 386 illi
321 337 464 397 suadebat,
476 336 549 403 quod
562 337 615 391 sibi
624 337 770 402 suasisset,
785 343 836 390 aut

36 405 237 470 quiaadulator
252 405 422 467 etblandus,
442 405 628 458 idconsilium
640 409 739 471 dabat,
760 407 836 475 quod

37 473 198 526 deliberanti
209 475 317 540 gratius
327 473 388 526 lore
398 475 599 542 suspicabatur.
618 479 728 528 Amicus
739 484 835 533 noster
882 499 883 504 ¹

35 541 155 606 Stoicus,
177 541 259 594 horino
272 544 411 611 egregius,
433 551 471 606 et,
482 550 513 598 ut
524 546 616 595 serbis
627 546 716 608 illum,
733 547 834 613 quibus

34 611 260 680 laudari¹dignus
280 620 332 674 est,
354 611 474 675 laudern,
494 613 537 665 vir
552 612 636 663 fortis
651 629 684 667 ac
695 621 834 678 strenuus,

34 679 143 730 ridetur
156 681 223 731 milri
235 685 339 748 optime
354 683 432 734 illurn
446 680 617 734 cohortatus.
655 681 680 732 o.
702 681 749 732 Sic
760 685 834 734 'errirn

34 750 138 815 coepit:
158 751 294 814 „Nol,i,nri
306 751 481 816 Marcelline,
500 753 636 819 torqueri,
659 754 788 816 tanquam
801 752 835 804 de
858 748 862 755 '

32 833 66 874 re
87 833 185 884 magna
208 820 355 875 deliberet.
386 822 454 874 'Non
474 828 517 872 est
538 821 583 874 res
604 833 711 888 aragne,
734 821 835 885 viuere.

35 889 137 940 Omnes
147 891 219 940 servi
232 891 274 941 tui
285 891 399 954 vivunt,
415 892 509 944 anania
524 891 666 942 a'nirnalia.
702 889 837 955 Magnum

34 965 86 1019 est,
97 955 210 1018 honeste
223 962 303 1024 nturi,
315 963 475 1028 prudenter,
487 963 611 1017 fortiter.
621 955 728 1024 ”tingite
739 971 835 1024 quarn-

33 1027 81 1076 diu
102 1025 155 1077 iarn
175 1028 249 1080 idem
269 1030 367 1083 iacias,
403 1031 495 1093 Cibus,
517 1044 640 1090 somrrus,
662 1027 764 1090 libid03
786 1039 837 1097 per

30 1094 104 1146 hunc
114 1097 245 1148 ciiculurn
257 1101 388 1151 curritur.
413 1103 488 1152 Mori
499 1101 571 1151 relle
583 1114 637 1150 non
649 1103 756 1149 tantunr
768 1111 835 1162 pru·
921 1159 923 1162 ¹

31 1166 103 1218 dona
114 1172 142 1216 et
153 1165 244 1226 fortis,
263 1175 312 1218 aut
327 1169 489 1230 miser,·sed
507 1170 589 1220 atiani
605 1166 769 1222 fastidiosus
785 1177 837 1230 po·

28 1236 117 1286 test.“
138 1233 200 1286 Non
212 1248 282 1298 opus
294 1246 355 1288 erat
365 1252 478 1297 suasore
490 1236 542 1297 illi,
553 1237 601 1287 sed
614 1235 749 1291 adiutore.
769 1233 836 1285 Ser·
883 1270 885 1272 -

28 1306 59 1356 vi
72 1317 169 1369 Parere
182 1301 323 1355 nolebant.
349 1307 373 1356 7.
385 1303 506 1356 Primum
521 1303 712 1356 detraxitillis
722 1301 843 1364 metum,
912 1326 918 1332 -
944 1327 954 1342 ο

29 1380 60 1425 et
72 1371 216 1440 indicarit,
234 1379 302 1424 trane
317 1371 451 1424 familiana
470 1373 624 1439 periculum
641 1371 730 1432 adire,
750 1385 836 1443 quum

26 1443 169 1494 incertum
182 1445 269 1503 esset,
291 1457 324 1492 an
342 1454 417 1494 mors
434 1443 538 1493 damian
548 1440 708 1492 rolrrntaria
719 1440 851 1492 tuissets·
889 1485 893 1490 .

28 1511 156 1578 alioquin
170 1517 228 1562 tam
244 1511 313 1562 mali
326 1512 447 1578 exernpli
458 1519 533 1563 esset
547 1510 674 1561 occidere
686 1509 837 1573 dominnm,
915 1557 917 1562 ,

28 1595 113 1648 quam
124 1578 279 1645 probibere.
312 1577 421 1634 D'elnde
434 1581 524 1648 ipsum
535 1579 729 1642 Marcell-inum
742 1579 837 1632 admo'-

25 1650 104 1711 nant,
113 1663 169 1698 non
177 1664 237 1700 esse
248 1649 837 1716 inhumanum,quemadrnodumcoenapor·

26 1725 99 1772 acta
112 1717 247 1784 reliquiae
264 1721 508 1774 circumstantibus
524 1719 701 1780 dividuntur,
719 1717 836 1786 'sicper-
883 1773 886 1778 ,

5 1825 6 1828 ,
28 1793 99 1844 acta
118 1787 177 1838 rita
191 1789 296 1855 aliquid
309 1793 413 1858 porrigi
433 1790 491 1856 his,
512 1792 559 1858 qui
570 1789 656 1840 totius
668 1790 743 1840 vitae
754 1789 835 1839 ruini·
885 1783 890 1798 ‘

27 1858 85 1910 stri
97 1856 224 1908 luissent.
245 1860 329 1926 ¹Erat
338 1859 522 1912 Marcellinus
539 1857 632 1909 lucilis
645 1858 740 1918 aniani,
761 1862 789 1907 et
800 1855 839 1906 li·-

25 1925 146 1987 beralis,
158 1928 241 1978 etiarn
255 1941 336 1990 quurn
348 1927 442 1978 deson
455 1922 544 1980 tieret
570 1927 595 1977 8.
606 1920 731 1975 Minutas
741 1924 839 1990 itaque

26 1993 186 2048 summulas
203 1993 346 2044 distribuit
361 1995 491 2044 flentibus
505 1993 609 2054 serris,
631 1998 660 2044 et
678 1993 745 2043 illos
762 1993 838 2043 ultm

25 2062 194 2118 consolatus
205 2067 257 2114 est.
293 2063 355 2112 lt'on
366 2061 422 2112 fult
432 2061 477 2111 illl
488 2075 558 2125 capus
568 2059 652 2122 ferro,
663 2075 717 2112 non
729 2061 839 2126 sangui-

25 2150 81 2188 ne:
103 2131 198 2183 triduo
209 2130 354 2191 abstinuit,
375 2135 404 2181 et
418 2129 446 2180 in
460 2131 521 2196 ipso
532 2128 661 2182 cubiculo
672 2129 735 2196 poni
747 2128 839 2181 taber·

25 2201 163 2257 naculum
178 2199 281 2252 iussit.-
304 2197 410 2250 Solium
427 2197 527 2250 deinde
542 2197 649 2250 illatum
662 2205 718 2260 est,
729 2199 767 2250 ·in
783 2211 839 2265 quo

28 2273 81 2324 diu
92 2271 191 2332 iacuit,
212 2276 240 2322 et
252 2268 345 2321 calida
357 2268 472 2322 subinde
484 2267 599 2332 suffusa,
619 2267 754 2334 paulatim
764 2267 839 2319 dele·

29 2344 89 2394 cit:
101 2346 133 2391 ut
146 2341 249 2402 aiebat,
260 2337 314 2389 non
327 2341 388 2390 sine
398 2339 517 2405 quadarn
529 2337 684 2404 voluptate:
702 2353 782 2403 quarn
796 2337 838 2387 af·
923 2385 929 2398 ,

27 2411 110 2464 ferre
122 2411 196 2462 solet
206 2407 441 2470 lenisdissolutio‚
452 2407 757 2472 nonineapertanobis,
769 2419 839 2476 quos
876 2459 881 2470 ,
929 2455 935 2465 ,
1008 2439 1010 2446 ›

27 2479 405 2549 aliquandoliquitanirnus.'
438 2477 500 2531 ala
514 2477 645 2528 fabellam
656 2478 772 2539 excessi,
782 2490 839 2526 non
863 2477 865 2482 '
902 2515 907 2528 e
980 2497 987 2508 -

24 2549 251 2614 ingratamtibi:
263 2549 369 2599 exitum
382 2547 454 2599 enirn
467 2547 548 2597 aurici
561 2546 601 2598 tui
613 2559 772 2614 cognosces,
782 2557 839 2595 aron
910 2553 914 2564 ¹
987 2569 993 2576 -

25 2617 189 2680 difficilem,
198 2633 250 2670 nec
261 2611 400 2669 miseruria.
423 2616 555 2680 Quamuis
567 2617 639 2673 eninr
652 2605 840 2666 mortemsihi

25 2687 213 2748 consciverit,
234 2691 326 2738 tamen
338 2685 502 2738 mollissime
513 2685 640 2746 excessit,
659 2689 687 2734 et
698 2683 773 2742 vitae
783 2681 839 2734 ela·

22 2753 163 2825 psus'est.
192 2755 245 2806 Sed
255 2770 290 2804 ne
300 2757 410 2806 inutilis
421 2755 531 2821 quidem
543 2753 613 2804 haec
624 2751 728 2803 labella
738 2750 836 2818 luerit.
900 2809 901 2814 η

22 2828 123 2894 Saepe
135 2824 209 2898 enim
223 2825 297 2876 talia
310 2824 438 2890 exempla
452 2823 603 2876 necessitas
613 2821 711 2890 exigit.
747 2819 838 2888 Saepo
