2136 3192
215 200 250 256 ra
503 198 718 258 sunbona
752 213 756 228 ι
833 233 840 240 -
937 173 939 182 ⁴

189 389 192 394 '
213 337 406 442 mugilum
416 396 500 451 soter,
509 383 635 458 mgnum
648 391 673 443 ei
678 399 786 458 pectore
792 391 880 458 poerit
908 435 913 440 .

264 457 422 510 Excussisse
431 455 522 508 Deum
533 483 566 496 -
577 484 609 496 -

215 525 240 578 ³.
257 525 345 576 Vadis
355 523 408 576 buc
420 531 450 577 et
465 526 545 585 illue,
561 532 593 578 ut
608 527 732 578 excuties
749 526 872 578 insidens
886 525 997 591 pondus:

215 593 287 658 quod
299 595 358 658 ipse
368 593 519 644 iactatione
529 593 728 655 incommodius
743 595 788 645 fit:
812 595 884 645 sicut
898 595 924 644 ia
937 594 1001 645 nari

214 675 300 712 onera
310 663 426 712 immota
435 663 525 711 atinus
537 668 647 728 urgent:
657 662 841 728 inaequaliter
852 663 1001 722 convoluta,

181 751 185 758 ·
215 729 296 780 citius
315 743 375 780 een
396 737 502 796 partem
524 730 554 779 in
574 746 655 796 quarn
669 731 819 782 incubuere
836 731 1002 794 demergunt.

217 797 357 864 Quidquid
367 797 451 860 iacis,
467 802 564 846 contro
574 805 602 849 te
618 799 701 860 heis,
716 805 746 850 et
757 803 835 848 motu
849 800 1003 862 ipso-noces

214 865 281 916 tibi:
300 879 411 931 aegram
422 863 495 915 enim
508 869 640 918 concutis.
675 870 799 932 Atqnunr
810 865 885 917 istud
899 879 1004 917 exeme-

213 935 254 984 ris
266 934 376 992 malurn,
389 933 478 982 omnis
489 934 606 986 mutatio
616 935 671 986 loci
681 935 799 985 incunda
810 933 867 984 fiet.
901 932 931 982 ln
939 933 1005 983 ulti·

213 1014 274 1054 ntes
287 1001 436 1066 expellaris
449 1005 547 1052 terras-
555 1002 665 1064 licebit,
685 1003 713 1052 in
725 1003 849 1068 quolibet
861 1001 1004 1054 barbariae

213 1068 735 1204 orsiti?'tuburbitani
748 1068 1005 1205 lllltlllttlt

362 1173 367 1186 ¹
424 1173 430 1187 ·
731 1173 739 1200 r
896 1170 904 1199 r
996 1166 1006 1178 ·

214 1212 269 1256 est:
289 1210 318 1256 et
338 1205 401 1255 ideo
422 1205 492 1256 nulli
509 1204 571 1270 loco
587 1206 716 1258 addicere
729 1207 860 1258 debemus
874 1205 1005 1256 animum.

214 1275 281 1324 Curn
298 1271 349 1324 bae
364 1271 540 1338 persuasione
554 1275 701 1326 vivendum
724 1282 779 1325 est:
801 1273 862 1325 Non
883 1287 942 1323 suar
957 1273 1008 1324 uui

213 1339 316 1408 angulo
335 1347 428 1392 natus:
459 1345 550 1407 patria
568 1357 629 1395 mea
649 1349 726 1395 totus
746 1342 791 1394 hic
815 1347 859 1392 est
882 1340 1006 1391 mundus.

213 1409 294 1471 Quod
306 1410 330 1462 si
341 1410 460 1476 liqueret
472 1409 536 1472 tibi,
551 1425 605 1462 nou
622 1411 811 1471 admirareris,
825 1409 865 1458 nil
880 1407 1009 1460 adiuvari

212 1483 242 1528 te
257 1479 402 1541 regionum
418 1479 615 1540 varietatibus,
633 1480 661 1528 in
677 1493 743 1544 quas
759 1478 875 1528 subinde
886 1478 1007 1542 priorum

211 1544 308 1596 taedio
324 1547 435 1610 migras.
472 1545 565 1596 Prima
575 1547 647 1596 enirn
663 1560 786 1610 quaeque
801 1545 966 1610 placuisset,
985 1546 1009 1594 si

213 1625 321 1665 ornnem
331 1617 408 1661 tuam
420 1611 556 1662 crederes.
592 1609 655 1662 Non
666 1612 860 1678 peregrinaris,
872 1611 919 1662 sed
931 1627 1008 1664 erras

212 1688 241 1734 ct
251 1678 359 1745 ageris,
373 1693 406 1729 oc
417 1677 507 1730 locum
519 1692 554 1729 ex
563 1676 627 1730 loco
639 1685 740 1730 mutas:
757 1695 840 1744 quurn
853 1679 923 1730 illud
933 1682 1010 1746 quod

141 1757 144 1768 ’
211 1748 334 1816 qnaeris,
355 1745 431 1798 Bene
452 1746 558 1806 rivere,
580 1749 654 1798 omni
675 1748 738 1798 loco
759 1748 881 1813 positum
898 1749 946 1800 sit.
985 1747 1010 1799 5.

211 1819 284 1870 Num
302 1815 365 1882 quid
381 1820 438 1865 tum
454 1813 596 1866 turbidum
607 1816 669 1866 fieri
680 1822 787 1882 potest,
798 1831 880 1882 quarn
897 1815 1013 1867 forunrl

210 1886 250 1936 ibi
268 1897 377 1951 quoque
388 1882 460 1934 iicet
475 1883 568 1949 quiete
578 1884 686 1946 vivere,
706 1885 731 1935 si
741 1899 854 1936 necesse
870 1887 916 1934 sit.
953 1883 1014 1936 Sed

210 1955 235 2005 ti
254 1953 339 2004 liceat
354 1951 499 2016 disponere
510 1958 560 2014 se‚'
573 1958 750 2019 conspectum
770 1967 877 2018 quoque
894 1957 925 2002 et
944 1955 1016 2003 vici·

173 2036 181 2042 ‘
210 2023 285 2074 niam
296 2021 352 2072 fori
363 2020 460 2088 procul
471 2019 590 2086 fugient
609 2036 674 2072 neni
684 2027 715 2072 ut
731 2021 794 2072 loea
809 2019 908 2087 gravia
922 2025 1014 2072 etiarn

210 2092 396 2142 firmissimam
409 2089 595 2140 ualetudinem
606 2094 728 2153 tentant,
743 2089 881 2140 itabonae
897 2103 1017 2156 qnoque

112 2161 114 2165 ⁴
208 2163 311 2223 menti,
330 2157 447 2211 necdum
461 2157 552 2209 adbuc
567 2159 719 2224 perlectae,
741 2162 770 2208 et
788 2155 1018 2214 convalescenti,

209 2234 275 2278 sunt
289 2228 382 2291 aliqua
395 2239 494 2290 parurn
508 2227 640 2279 salubria.
676 2226 818 2277 Dissentio
835 2225 870 2275 ab
894 2225 943 2274 his
958 2224 1019 2290 'qni

208 2296 237 2344 in
250 2293 350 2345 linctus
365 2293 473 2344 medios
486 2300 564 2357 erint,
585 2301 614 2344 et
633 2293 832 2344 tumultuosam
854 2292 1021 2357 probantes

208 2363 313 2425 vitonr,'
330 2361 453 2426 quotidie
474 2374 535 2412 curn
558 2359 768 2412 difficultatibus
788 2375 880 2410 rerunt
905 2374 1022 2427 magno

208 2429 302 2481 animo
318 2429 512 2480 colluctantur.
546 2429 571 2479 tt
590 2428 704 2494 Sapiens
715 2428 788 2480 leret
801 2429 872 2490 ista,
892 2444 957 2481 uon
971 2429 1024 2479 eli·

209 2503 271 2565 getr
282 2503 321 2548 -et
335 2495 422 2546 molet
441 2497 547 2562 inpece
566 2508 642 2557 esse,
663 2511 743 2563 quam
761 2497 789 2546 in
806 2511 908 2562 pugna.
951 2497 1025 2550 Non

211 2567 284 2618 enirn
304 2565 420 2616 multum
443 2561 559 2630 prodest
574 2563 646 2614 vitia
659 2578 709 2616 sua
724 2565 890 2630 proiecisse,
912 2565 941 2616 sl
955 2580 1027 2616 cunr

209 2634 309 2686 alienis
319 2629 465 2685 rixandum
477 2635 528 2682 est.
563 2630 700 2696 'triginta
711 2633 816 2697 inquis,
829 2635 955 2696 tyranni
968 2632 1027 2683 So-

210 2709 316 2756 cratem
324 2703 579 2765 circumsteterunt,
589 2713 640 2756 uec
650 2705 801 2768 potueruut
811 2701 945 2752 animum
958 2701 1034 2755 eius
