2112 3184
74 223 133 294 χ
215 175 645 278 nrrsronrns'reros
771 219 824 275 arr
916 253 918 258 ,
1014 231 1032 279 a

55 343 125 390 (doce.
154 343 220 392 Quod
237 344 339 388 bonum!
357 357 433 390 wluin
444 345 519 396 illud,
537 327 668 392 innexum.
695 343 825 396 Etitertrtrt

57 399 202 456 argormnrtr
214 399 311 448 evincit,
322 399 365 441 hoe
375 413 422 442 me
428 417 437 450 ‚·
447 401 498 444 alio
506 415 554 444 aon
566 416 620 447 erre.
810 407 814 422 '

60 473 64 480 “
80 472 244 524 Inimicitias
260 469 327 522 nrihi
343 472 502 535 denuntias,
523 473 548 526 ei
562 476 712 544 quidquam
731 489 765 530 ex
781 475 826 530 hio
848 461 851 484 ³

28 557 101 610 quae
113 540 237 608 quotidie
251 540 336 614 faoio,
354 541 541 611 ignoraveris.
577 545 649 595 Vide
666 562 745 612 quem
761 547 827 598 sim·

17 611 140 678 pliciter
149 617 244 662 tecum
254 610 359 664 viram:
385 610 438 666 hoe
449 626 558 678 quoque
577 612 628 662 tibi
644 617 825 671 committam.

26 678 227 746 Philosophum
243 681 338 741 audio,
359 687 388 732 et
405 682 515 749 qujdem
538 682 665 746 quintum
680 683 736 732 iam
752 684 827 736 diem

26 749 133 812 habea„
151 764 186 802 ex
197 761 251 817 quo
260 748 422 802 inscholam
435 767 478 814 eo,
492 756 520 804 et
532 751 566 803 ob
577 755 675 802 octava
685 748 826 816 disputau—
857 787 862 792 -

26 825 87 870 tem
98 817 191 872 arrdlo.
214 818 828 888 Bona,irrquio,aetate!tluidnibonaitluid
874 884 876 890 Ι
955 845 961 852 ·

27 891 124 940 autem
134 887 262 951 stultius,
284 903 378 956 quam,
397 889 523 956 quindiu
534 904 589 943 non
604 888 753 951 didieeris,
772 903 829 941 non

28 957 151 1008 disceret
172 957 245 1018 Quid
257 957 341 1024 ergoi
362 957 438 1010 ldem
452 959 568 1021 faeiem,
588 960 661 1026 quod
672 957 789 1010 trossuli
800 965 829 1016 et
846 1009 851 1014 ,,

26 1023 165 1086 ὶιινοηεηὲ,
181 1027 373 1078 Benemeoum
421 1029 486 1088 itur,
506 1026 827 1080 rihoouuumsenectu-
898 1033 928 1080 “,
975 1059 980 1071 ..

26 1103 186 1148 temoream
197 1095 325 1146 dedecet..
357 1097 384 1147 λ
430 1094 853 1158 mulsaetatishominenhaeo¹

27 1165 129 1216 schola
139 1163 274 1216 admittit:
289 1164 317 1214 in
328 1162 381 1215 hao
392 1179 578 1230 serutaremur,
589 1164 659 1218 hane
670 1172 702 1218 ut
712 1166 830 1218 iuvenes

27 1247 185 1301 sequamur.
222 1233 253 1283 ln
265 1231 404 1284 theatrum
415 1234 569 1296 senexibo,
585 1241 614 1286 et
624 1238 653 1286 in
665 1235 827 1286 circumde-
851 1289 853 1301 ἢ

25 1305 119 1366 ferar,
140 1306 168 1354 et
180 1302 286 1353 nullum
298 1317 348 1368 par
362 1303 421 1354 sine
432 1318 476 1354 me
488 1303 671 1370 depugnabit:
692 1301 829 1370 ndphilo-
874 1358 880 1362 ,

26 1370 148 1439 sophum
172 1372 213 1424 iro
239 1371 421 1432 orrrhesoanrt
449 1371 571 1422 Tamdiu
594 1371 754 1424 diruendum
770 1375 853 1439 ost„

27 1441 285 1509 quamdiuneseias,
298 1447 334 1504 et,
348 1442 374 1493 si
383 1441 686 1508 prouerbiooredimus‚
697 1441 830 1510 quamdiu

25 1516 132 1564 viram
152 1509 212 1576 Neo
223 1511 276 1578 ulli
287 1510 393 1564 hoerei
403 1510 491 1577 magio
504 1511 638 1574 convenit,
658 1526 740 1578 quam
750 1509 829 1562 huie:
848 1507 852 1514 “

24 1579 138 1632 tamdiu
155 1577 313 1632 discendum
326 1587 369 1634 e'st
380 1579 610 1648 quemadmodum
621 1581 715 1645 virus,
735 1593 829 1647 quam·

27 1652 80 1704 diu
91 1649 169 1700 viris.
205 1649 266 1716 Ego
278 1656 369 1703 tamen
381 1649 425 1702 hie
436 1649 543 1718 aliquid
553 1657 581 1704 et
592 1650 687 1703 doceo.
706 1648 731 1702 3.
738 1651 829 1713 Quae·
879 1661 882 1666 ·

23 1722 69 1774 ris
82 1717 147 1785 quid
159 1717 292 1789 doceam?
303 1721 529 1790 etiarnlseniesse
539 1721 705 1774 discendum.
739 1718 830 1788 l'udet

24 1795 127 1842 autem
137 1801 181 1838 me
191 1789 299 1856 generis
311 1789 438 1853 humani,
460 1793 570 1857 quoties
579 1790 702 1843 scholam
715 1787 828 1840 intrari.

22 1861 149 1912 Praeter
165 1857 256 1923 ipsum
278 1856 415 1910 theatrum
437 1857 686 1926 Neapolitanorum
705 1857 831 1973 (utonisg

21 1927 231 1982 transeundum
243 1932 295 1987 est,
307 1927 487 1979 Metronactis
497 1929 602 1992 petenti
613 1927 734 1976 domum.
756 1925 807 1974 lllu
836 1922 847 1934 “

22 1995 144 2067 quidem
160 1993 278 2044 farctum
291 2001 345 2046 est:
366 1999 397 2044 et
406 1992 461 2043 hoo
474 1992 698 2058 ingentintudio,
720 1990 780 2056 quis
792 1992 831 2041 sit

20 2062 181 2136 pythaules
191 2061 300 2123 bonus,¹
317 2061 468 2112 iudicatur.
502 2061 596 2112 Habet
605 2059 710 2111 tibicen
721 2071 830 2124 qnoque

22 2140 157 2189 Graecus
167 2137 196 2185 et
207 2144 309 2197 praeeo
319 2128 494 2182 concursum!
507 2130 544 2181 m
553 2131 581 2179 in
592 2128 642 2180 illo
653 2128 726 2189 loco,
734 2125 764 2177 in
775 2140 830 2192 quo

21 2205 176 2259 virbonus
189 2201 345 2267 quaeritur,
364 2201 458 2266 inquo
469 2199 610 2251 virbonus
623 2196 832 2263 discitumoau·
846 2255 848 2264 ‚

22 2271 138 2329 cissimi
149 2272 261 2334 sedent,
279 2277 307 2322 et
318 2269 347 2322 hi
358 2270 497 2337 plerisque
512 2269 641 2321 ridentur
652 2267 693 2318 nil
701 2265 767 2322 boni
780 2280 831 2318 no-

21 2342 103 2412 gotii
116 2339 227 2402 habere,
240 2341 313 2407 quod
325 2345 420 2408 agant:
433 2340 523 2405 inepti
533 2345 562 2394 et
574 2340 678 2392 inertes
689 2342 831 2388 uocantum

20 2418 55 2465 4.
77 2409 152 2462 Mihi
170 2413 313 2478 contingat
333 2410 386 2462 iste
406 2408 521 2462 derisus.
557 2407 762 2476 Aequoaoirno
780 2421 831 2477 uu·

21 2477 139 2535 ‹lienda
151 2487 215 2545 sunt
225 2479 417 2546 imperitorum
430 2479 567 2530 convicia:
579 2478 649 2532 etad
660 2476 832 2530 honestaru-
869 2473 885 2516 ’-

21 2554 43 2604 (1
51 2551 111 2601 enti
123 2550 340 2602 contemnendus
352 2555 394 2600 est
405 2549 465 2616 ipso
478 2554 640 2602 contemtus.
669 2545 765 2612 Perge,
775 2543 835 2594 Lu·

21 2621 90 2679 cili,
110 2624 139 2668 ot
150 2633 277 2685 propera,
294 2636 328 2672 ne
341 2619 392 2671 tibi
404 2619 512 2672 accidat
523 2619 595 2686 quod
606 2616 683 2680 milri,
704 2622 735 2667 ut
746 2625 834 2664 senex

19 2692 138 2742 discas.
162 2687 248 2738 lmmo
260 2689 324 2740 ideo
337 2689 425 2754 magis
438 2701 566 2754 propero,
579 2687 707 2754 quoniam
718 2681 747 2734 id
761 2695 837 2731 nono

19 2771 184 2825 aggressus
205 2773 248 2817 es,
279 2759 353 2822 quod
373 2757 533 2822 perdiscere
557 2757 604 2806 rix
626 2767 711 2806 senex
731 2750 836 2815 possis..

17 2832 191 2908 Quantum,
210 2826 310 2894 inquis,
329 2826 489 2902 proli-clami
509 2827 649 2946 Quaztgm
670 2818 837 2874 tentareris..
