<?xml version="1.0" encoding="UTF-8"?>
<!DOCTYPE html PUBLIC "-//W3C//DTD XHTML 1.0 Transitional//EN"
    "http://www.w3.org/TR/xhtml1/DTD/xhtml1-transitional.dtd">
<html xmlns="http://www.w3.org/1999/xhtml" xml:lang="en" lang="en">
 <head>
  <title>
</title>
<meta http-equiv="Content-Type" content="text/html;charset=utf-8" />
  <meta name='ocr-system' content='tesseract 3.04.00' />
  <meta name='ocr-capabilities' content='ocr_page ocr_carea ocr_par ocr_line ocrx_word'/>
</head>
<body>
  <div class='ocr_page' id='page_1' title='image "./lannaeisenecaep03senegoog_0045.png"; bbox 0 0 2136 3192; ppageno 0'>
   <div class='ocr_carea' id='block_1_1' title="bbox 206 213 747 304">
    <p class='ocr_par' dir='ltr' id='par_1_1' title="bbox 206 213 747 304">
     <span class='ocr_line' id='line_1_1' title="bbox 206 213 747 304; baseline -0.011 -32"><span class='ocrx_word' id='word_1_1' title='bbox 206 215 290 272; x_wconf 57' lang='lat'><strong>38²·</strong></span> <span class='ocrx_word' id='word_1_2' title='bbox 348 218 354 228; x_wconf 86' lang='lat'>&#39;</span> <span class='ocrx_word' id='word_1_3' title='bbox 491 213 716 270; x_wconf 75' lang='lat' dir='ltr'>SENECAE</span> <span class='ocrx_word' id='word_1_4' title='bbox 744 297 747 304; x_wconf 18' lang='grc' dir='ltr'><strong><em>γ</em></strong></span> 
     </span>
    </p>
   </div>
   <div class='ocr_carea' id='block_1_2' title="bbox 81 333 1060 2760">
    <p class='ocr_par' dir='ltr' id='par_1_2' title="bbox 205 333 997 402">
     <span class='ocr_line' id='line_1_2' title="bbox 205 333 997 402; baseline -0.003 -11"><span class='ocrx_word' id='word_1_5' title='bbox 205 337 313 394; x_wconf 78' lang='lat' dir='ltr'><strong>studio:</strong></span> <span class='ocrx_word' id='word_1_6' title='bbox 324 342 355 390; x_wconf 89' lang='lat' dir='ltr'><strong>et</strong></span> <span class='ocrx_word' id='word_1_7' title='bbox 362 337 471 390; x_wconf 84' lang='lat' dir='ltr'><strong>beatam</strong></span> <span class='ocrx_word' id='word_1_8' title='bbox 483 335 568 387; x_wconf 76' lang='lat' dir='ltr'><strong>vitam</strong></span> <span class='ocrx_word' id='word_1_9' title='bbox 580 334 706 402; x_wconf 69' lang='lat' dir='ltr'><strong>perfecti</strong></span> <span class='ocrx_word' id='word_1_10' title='bbox 715 333 851 401; x_wconf 70' lang='lat' dir='ltr'><strong>sapientie</strong></span> <span class='ocrx_word' id='word_1_11' title='bbox 861 333 943 398; x_wconf 83' lang='lat' dir='ltr'><strong>effici,</strong></span> <span class='ocrx_word' id='word_1_12' title='bbox 953 349 997 390; x_wconf 86' lang='lat' dir='ltr'><strong>ce·</strong></span> 
     </span>
    </p>

    <p class='ocr_par' dir='ltr' id='par_1_3' title="bbox 204 400 998 472">
     <span class='ocr_line' id='line_1_3' title="bbox 204 400 998 472; baseline -0.004 -12"><span class='ocrx_word' id='word_1_13' title='bbox 204 415 295 460; x_wconf 89' lang='lat' dir='ltr'><strong>terum</strong></span> <span class='ocrx_word' id='word_1_14' title='bbox 306 405 480 460; x_wconf 79' lang='lat' dir='ltr'><strong>tolerabilem</strong></span> <span class='ocrx_word' id='word_1_15' title='bbox 495 403 735 458; x_wconf 69' lang='lat' dir='ltr'><strong>etiam&#39;inchootd.</strong></span> <span class='ocrx_word' id='word_1_16' title='bbox 771 404 825 455; x_wconf 89' lang='lat' dir='ltr'><strong>Sed</strong></span> <span class='ocrx_word' id='word_1_17' title='bbox 842 400 907 468; x_wconf 82' lang='lat' dir='ltr'><strong>hoc,</strong></span> <span class='ocrx_word' id='word_1_18' title='bbox 929 404 998 472; x_wconf 86' lang='lat' dir='ltr'><strong>quod</strong></span> 
     </span>
    </p>

    <p class='ocr_par' dir='ltr' id='par_1_4' title="bbox 107 473 999 544">
     <span class='ocr_line' id='line_1_4' title="bbox 107 473 999 544; baseline 0.004 -20"><span class='ocrx_word' id='word_1_19' title='bbox 107 517 110 524; x_wconf 39' lang='grc' dir='ltr'>ι</span> <span class='ocrx_word' id='word_1_20' title='bbox 203 477 304 544; x_wconf 80' lang='lat' dir='ltr'><strong>liquet,</strong></span> <span class='ocrx_word' id='word_1_21' title='bbox 316 475 494 536; x_wconf 81' lang='lat' dir='ltr'><strong>firmandum,</strong></span> <span class='ocrx_word' id='word_1_22' title='bbox 512 481 542 526; x_wconf 91' lang='lat' dir='ltr'><strong>et</strong></span> <span class='ocrx_word' id='word_1_23' title='bbox 553 475 637 526; x_wconf 87' lang='lat' dir='ltr'><strong>altius</strong></span> <span class='ocrx_word' id='word_1_24' title='bbox 648 473 811 542; x_wconf 85' lang='lat' dir='ltr'><strong>quetidiana</strong></span> <span class='ocrx_word' id='word_1_25' title='bbox 819 475 999 528; x_wconf 75' lang='lat' dir='ltr'><strong>meditatione</strong></span> 
     </span>
    </p>

    <p class='ocr_par' dir='ltr' id='par_1_5' title="bbox 105 539 999 612">
     <span class='ocr_line' id='line_1_5' title="bbox 105 539 999 612; baseline -0.001 -15"><span class='ocrx_word' id='word_1_26' title='bbox 105 539 110 549; x_wconf 89' lang='grc'>’</span> <span class='ocrx_word' id='word_1_27' title='bbox 204 544 342 612; x_wconf 71' lang='lat' dir='ltr'><strong>figendum</strong></span> <span class='ocrx_word' id='word_1_28' title='bbox 353 551 405 598; x_wconf 90' lang='lat' dir='ltr'><strong>est.</strong></span> <span class='ocrx_word' id='word_1_29' title='bbox 433 542 500 594; x_wconf 83' lang='lat' dir='ltr'><strong>Plus</strong></span> <span class='ocrx_word' id='word_1_30' title='bbox 512 546 603 610; x_wconf 85' lang='lat' dir='ltr'><strong>operis</strong></span> <span class='ocrx_word' id='word_1_31' title='bbox 614 550 656 596; x_wconf 83' lang='lat' dir='ltr'><strong>est</strong></span> <span class='ocrx_word' id='word_1_32' title='bbox 667 545 695 596; x_wconf 89' lang='lat' dir='ltr'><strong>in</strong></span> <span class='ocrx_word' id='word_1_33' title='bbox 706 558 750 605; x_wconf 90' lang='lat' dir='ltr'><strong>eo,</strong></span> <span class='ocrx_word' id='word_1_34' title='bbox 760 548 792 594; x_wconf 91' lang='lat' dir='ltr'><strong>ut</strong></span> <span class='ocrx_word' id='word_1_35' title='bbox 804 544 945 610; x_wconf 85' lang='lat' dir='ltr'><strong>proposito</strong></span> <span class='ocrx_word' id='word_1_36' title='bbox 955 559 999 596; x_wconf 89' lang='lat' dir='ltr'><strong>cu·</strong></span> 
     </span>
    </p>

    <p class='ocr_par' dir='ltr' id='par_1_6' title="bbox 204 610 998 681">
     <span class='ocr_line' id='line_1_6' title="bbox 204 610 998 681; baseline -0.004 -15"><span class='ocrx_word' id='word_1_37' title='bbox 204 613 319 676; x_wconf 79' lang='lat' dir='ltr'><strong>stodias,</strong></span> <span class='ocrx_word' id='word_1_38' title='bbox 332 619 455 680; x_wconf 77' lang='lat' dir='ltr'><strong>quaerut</strong></span> <span class='ocrx_word' id='word_1_39' title='bbox 466 610 583 665; x_wconf 84' lang='lat' dir='ltr'><strong>honeste</strong></span> <span class='ocrx_word' id='word_1_40' title='bbox 594 627 742 681; x_wconf 76' lang='lat' dir='ltr'><strong>proponas.</strong></span> <span class='ocrx_word' id='word_1_41' title='bbox 765 611 998 666; x_wconf 72' lang='lat' dir='ltr'>Perseverandum</span> 
     </span>
    </p>

    <p class='ocr_par' dir='ltr' id='par_1_7' title="bbox 204 681 1016 747">
     <span class='ocr_line' id='line_1_7' title="bbox 204 681 1016 747; baseline -0.01 -11"><span class='ocrx_word' id='word_1_42' title='bbox 204 689 256 746; x_wconf 87' lang='lat' dir='ltr'><strong>est,</strong></span> <span class='ocrx_word' id='word_1_43' title='bbox 279 689 308 738; x_wconf 87' lang='lat' dir='ltr'><strong>et</strong></span> <span class='ocrx_word' id='word_1_44' title='bbox 319 682 432 736; x_wconf 86' lang='lat' dir='ltr'><strong>assiduo</strong></span> <span class='ocrx_word' id='word_1_45' title='bbox 444 683 537 736; x_wconf 89' lang='lat' dir='ltr'><strong>studio</strong></span> <span class='ocrx_word' id='word_1_46' title='bbox 548 683 634 734; x_wconf 75' lang='lat' dir='ltr'><strong>robob</strong></span> <span class='ocrx_word' id='word_1_47' title='bbox 646 681 812 743; x_wconf 73' lang='lat' dir='ltr'><strong>addendum,</strong></span> <span class='ocrx_word' id='word_1_48' title='bbox 831 681 919 747; x_wconf 85' lang='lat' dir='ltr'><strong>donec</strong></span> <span class='ocrx_word' id='word_1_49' title='bbox 930 683 999 734; x_wconf 86' lang='lat' dir='ltr'><strong>bona</strong></span> <span class='ocrx_word' id='word_1_50' title='bbox 1012 721 1016 728; x_wconf 88' lang='lat'><em>.</em></span> 
     </span>
    </p>

    <p class='ocr_par' dir='ltr' id='par_1_8' title="bbox 143 750 1000 819">
     <span class='ocr_line' id='line_1_8' title="bbox 143 750 1000 819; baseline -0.002 -15"><span class='ocrx_word' id='word_1_51' title='bbox 143 751 149 758; x_wconf 83' lang='lat'>&#39;</span> <span class='ocrx_word' id='word_1_52' title='bbox 203 765 282 804; x_wconf 84' lang='lat' dir='ltr'><strong>meos</strong></span> <span class='ocrx_word' id='word_1_53' title='bbox 293 753 419 819; x_wconf 75' lang='lat' dir='ltr'><strong>sit,quod</strong></span> <span class='ocrx_word' id='word_1_54' title='bbox 469 765 505 803; x_wconf 81' lang='lat' dir='ltr'><strong>nu</strong></span> <span class='ocrx_word' id='word_1_55' title='bbox 514 753 644 803; x_wconf 84' lang='lat' dir='ltr'><strong>volontas</strong></span> <span class='ocrx_word' id='word_1_56' title='bbox 655 757 708 802; x_wconf 83' lang='lat' dir='ltr'><strong>est.</strong></span> <span class='ocrx_word' id='word_1_57' title='bbox 724 751 853 815; x_wconf 83' lang='lat' dir='ltr'><strong>2.ltaque</strong></span> <span class='ocrx_word' id='word_1_58' title='bbox 866 751 919 802; x_wconf 89' lang='lat' dir='ltr'><strong>tibi</strong></span> <span class='ocrx_word' id='word_1_59' title='bbox 928 750 1000 818; x_wconf 86' lang='lat' dir='ltr'><strong>apud</strong></span> 
     </span>
    </p>

    <p class='ocr_par' dir='ltr' id='par_1_9' title="bbox 124 818 1001 894">
     <span class='ocr_line' id='line_1_9' title="bbox 124 818 1001 894; baseline -0.005 -20"><span class='ocrx_word' id='word_1_60' title='bbox 124 869 131 880; x_wconf 24' lang='lat' dir='ltr'>N</span> <span class='ocrx_word' id='word_1_61' title='bbox 191 836 249 894; x_wconf 43' lang='lat' dir='ltr'><strong>,me</strong></span> <span class='ocrx_word' id='word_1_62' title='bbox 260 822 385 888; x_wconf 86' lang='lat' dir='ltr'><strong>pluribus</strong></span> <span class='ocrx_word' id='word_1_63' title='bbox 394 836 444 874; x_wconf 78' lang='lat' dir='ltr'><strong>ver</strong></span> <span class='ocrx_word' id='word_1_64' title='bbox 463 821 487 871; x_wconf 84' lang='lat' dir='ltr'><strong>is</strong></span> <span class='ocrx_word' id='word_1_65' title='bbox 500 835 570 886; x_wconf 90' lang='lat' dir='ltr'><strong>opus</strong></span> <span class='ocrx_word' id='word_1_66' title='bbox 580 834 635 870; x_wconf 90' lang='lat' dir='ltr'><strong>non</strong></span> <span class='ocrx_word' id='word_1_67' title='bbox 647 827 700 883; x_wconf 86' lang='lat' dir='ltr'><strong>est,</strong></span> <span class='ocrx_word' id='word_1_68' title='bbox 721 825 770 871; x_wconf 83' lang='lat' dir='ltr'><strong>aut</strong></span> <span class='ocrx_word' id='word_1_69' title='bbox 781 818 933 886; x_wconf 79' lang='lat' dir='ltr'><strong>affirmatis,</strong></span> <span class='ocrx_word' id='word_1_70' title='bbox 952 825 1001 872; x_wconf 84' lang='lat' dir='ltr'><strong>aut</strong></span> 
     </span>
    </p>

    <p class='ocr_par' dir='ltr' id='par_1_10' title="bbox 202 887 1001 959">
     <span class='ocr_line' id='line_1_10' title="bbox 202 887 1001 959; baseline -0.004 -15"><span class='ocrx_word' id='word_1_71' title='bbox 202 898 260 944; x_wconf 85' lang='lat' dir='ltr'><strong>tom</strong></span> <span class='ocrx_word' id='word_1_72' title='bbox 277 891 381 958; x_wconf 81' lang='lat' dir='ltr'><strong>longis:</strong></span> <span class='ocrx_word' id='word_1_73' title='bbox 401 889 532 959; x_wconf 74' lang='lat' dir='ltr'><strong>intelligo</strong></span> <span class='ocrx_word' id='word_1_74' title='bbox 547 895 576 942; x_wconf 88' lang='lat' dir='ltr'><strong>te</strong></span> <span class='ocrx_word' id='word_1_75' title='bbox 592 888 709 950; x_wconf 84' lang='lat' dir='ltr'><strong>multum</strong></span> <span class='ocrx_word' id='word_1_76' title='bbox 724 887 887 954; x_wconf 72' lang='lat' dir='ltr'><strong>profecisse.</strong></span> <span class='ocrx_word' id='word_1_77' title='bbox 923 889 1001 950; x_wconf 74' lang='lat' dir='ltr'><strong>Quos</strong></span> 
     </span>
    </p>

    <p class='ocr_par' dir='ltr' id='par_1_11' title="bbox 202 957 1002 1019">
     <span class='ocr_line' id='line_1_11' title="bbox 202 957 1002 1019; baseline -0.003 -7"><span class='ocrx_word' id='word_1_78' title='bbox 202 960 302 1018; x_wconf 80' lang='lat' dir='ltr'><strong>scribis</strong></span> <span class='ocrx_word' id='word_1_79' title='bbox 317 959 390 1012; x_wconf 90' lang='lat' dir='ltr'><strong>unde</strong></span> <span class='ocrx_word' id='word_1_80' title='bbox 405 960 519 1012; x_wconf 75' lang='lat' dir='ltr'><strong>uenient</strong></span> <span class='ocrx_word' id='word_1_81' title='bbox 533 961 605 1010; x_wconf 84' lang='lat' dir='ltr'><strong>seio:</strong></span> <span class='ocrx_word' id='word_1_82' title='bbox 627 973 683 1010; x_wconf 92' lang='lat' dir='ltr'><strong>non</strong></span> <span class='ocrx_word' id='word_1_83' title='bbox 694 964 759 1010; x_wconf 85' lang='lat' dir='ltr'><strong>sunt</strong></span> <span class='ocrx_word' id='word_1_84' title='bbox 770 957 848 1019; x_wconf 81' lang='lat' dir='ltr'><strong>lictu,</strong></span> <span class='ocrx_word' id='word_1_85' title='bbox 870 971 920 1009; x_wconf 87' lang='lat' dir='ltr'><strong>nec</strong></span> <span class='ocrx_word' id='word_1_86' title='bbox 930 957 1002 1010; x_wconf 87' lang='lat' dir='ltr'><strong>eolo·</strong></span> 
     </span>
    </p>

    <p class='ocr_par' dir='ltr' id='par_1_12' title="bbox 201 1026 1003 1098">
     <span class='ocr_line' id='line_1_12' title="bbox 201 1026 1003 1098; baseline -0.004 -17"><span class='ocrx_word' id='word_1_87' title='bbox 201 1035 273 1082; x_wconf 82' lang='lat' dir='ltr'><strong>ruta.</strong></span> <span class='ocrx_word' id='word_1_88' title='bbox 308 1028 406 1080; x_wconf 77' lang='lat' dir='ltr'><strong>Dicere</strong></span> <span class='ocrx_word' id='word_1_89' title='bbox 422 1035 514 1081; x_wconf 78' lang='lat' dir='ltr'><strong>temen</strong></span> <span class='ocrx_word' id='word_1_90' title='bbox 530 1028 596 1098; x_wconf 84' lang='lat' dir='ltr'><strong>quid</strong></span> <span class='ocrx_word' id='word_1_91' title='bbox 609 1028 739 1082; x_wconf 83' lang='lat' dir='ltr'><strong>sentiam.</strong></span> <span class='ocrx_word' id='word_1_92' title='bbox 757 1028 813 1079; x_wconf 88' lang='lat' dir='ltr'><strong>iam</strong></span> <span class='ocrx_word' id='word_1_93' title='bbox 830 1026 864 1080; x_wconf 89' lang='lat' dir='ltr'><strong>de</strong></span> <span class='ocrx_word' id='word_1_94' title='bbox 882 1033 911 1080; x_wconf 92' lang='lat' dir='ltr'><strong>te</strong></span> <span class='ocrx_word' id='word_1_95' title='bbox 926 1041 1003 1093; x_wconf 88' lang='lat' dir='ltr'><strong>spem</strong></span> 
     </span>
    </p>

    <p class='ocr_par' dir='ltr' id='par_1_13' title="bbox 101 1095 1060 1238">
     <span class='ocr_line' id='line_1_13' title="bbox 101 1095 1002 1164; baseline -0.004 -15"><span class='ocrx_word' id='word_1_96' title='bbox 101 1119 109 1128; x_wconf 94' lang='lat'>·</span> <span class='ocrx_word' id='word_1_97' title='bbox 201 1096 306 1160; x_wconf 79' lang='lat' dir='ltr'><strong>habeo,</strong></span> <span class='ocrx_word' id='word_1_98' title='bbox 328 1097 449 1150; x_wconf 89' lang='lat' dir='ltr'><strong>nondum</strong></span> <span class='ocrx_word' id='word_1_99' title='bbox 464 1098 604 1150; x_wconf 81' lang='lat' dir='ltr'><strong>fiduciam.</strong></span> <span class='ocrx_word' id='word_1_100' title='bbox 641 1095 1002 1164; x_wconf 72' lang='lat' dir='ltr'><strong>Tuquoqueidenrioeios,</strong></span> 
     </span>
     <span class='ocr_line' id='line_1_14' title="bbox 204 1165 1060 1238; baseline 0 -20"><span class='ocrx_word' id='word_1_101' title='bbox 204 1167 279 1218; x_wconf 77' lang='lat' dir='ltr'><strong>uolo.</strong></span> <span class='ocrx_word' id='word_1_102' title='bbox 298 1165 360 1220; x_wconf 88' lang='lat' dir='ltr'><strong>Non</strong></span> <span class='ocrx_word' id='word_1_103' title='bbox 373 1167 503 1234; x_wconf 86' lang='lat' dir='ltr'><strong>estquod</strong></span> <span class='ocrx_word' id='word_1_104' title='bbox 513 1168 568 1232; x_wconf 80' lang='lat' dir='ltr'><strong>tibi</strong></span> <span class='ocrx_word' id='word_1_105' title='bbox 578 1169 634 1220; x_wconf 89' lang='lat' dir='ltr'><strong>cito</strong></span> <span class='ocrx_word' id='word_1_106' title='bbox 647 1173 676 1220; x_wconf 90' lang='lat' dir='ltr'><strong>et</strong></span> <span class='ocrx_word' id='word_1_107' title='bbox 688 1167 770 1220; x_wconf 81' lang='lat' dir='ltr'><strong>facile</strong></span> <span class='ocrx_word' id='word_1_108' title='bbox 782 1165 891 1218; x_wconf 85' lang='lat' dir='ltr'><strong>credas:</strong></span> <span class='ocrx_word' id='word_1_109' title='bbox 904 1171 1003 1238; x_wconf 72' lang='lat' dir='ltr'><strong>excute</strong></span> <span class='ocrx_word' id='word_1_110' title='bbox 1059 1229 1060 1234; x_wconf 9' lang='grc' dir='ltr'><strong>Ἰ</strong></span> 
     </span>
    </p>

    <p class='ocr_par' dir='ltr' id='par_1_14' title="bbox 200 1233 1006 1302">
     <span class='ocr_line' id='line_1_15' title="bbox 200 1233 1006 1302; baseline -0.001 -14"><span class='ocrx_word' id='word_1_111' title='bbox 200 1243 244 1298; x_wconf 88' lang='lat' dir='ltr'><strong>te,</strong></span> <span class='ocrx_word' id='word_1_112' title='bbox 264 1233 527 1302; x_wconf 72' lang='lat' dir='ltr'><strong>etvariescrutar&#39;e,</strong></span> <span class='ocrx_word' id='word_1_113' title='bbox 549 1243 579 1289; x_wconf 90' lang='lat' dir='ltr'><strong>et</strong></span> <span class='ocrx_word' id='word_1_114' title='bbox 588 1239 712 1290; x_wconf 76' lang='lat' dir='ltr'><strong>observa.</strong></span> <span class='ocrx_word' id='word_1_115' title='bbox 742 1235 820 1300; x_wconf 84' lang='lat' dir='ltr'><strong>-lllud</strong></span> <span class='ocrx_word' id='word_1_116' title='bbox 833 1233 1006 1287; x_wconf 78' lang='lat' dir='ltr'><strong>onteomniu</strong></span> 
     </span>
    </p>

    <p class='ocr_par' dir='ltr' id='par_1_15' title="bbox 129 1302 1060 1444">
     <span class='ocr_line' id='line_1_16' title="bbox 129 1302 1006 1378; baseline 0.002 -24"><span class='ocrx_word' id='word_1_117' title='bbox 129 1342 133 1354; x_wconf 85' lang='lat'><strong>.</strong></span> <span class='ocrx_word' id='word_1_118' title='bbox 174 1319 178 1324; x_wconf 90' lang='lat'><em>·</em></span> <span class='ocrx_word' id='word_1_119' title='bbox 200 1305 276 1369; x_wconf 82' lang='lat' dir='ltr'><strong>vide,</strong></span> <span class='ocrx_word' id='word_1_120' title='bbox 297 1313 390 1360; x_wconf 88' lang='lat' dir='ltr'><strong>utrum</strong></span> <span class='ocrx_word' id='word_1_121' title='bbox 401 1306 430 1358; x_wconf 90' lang='lat' dir='ltr'><strong>in</strong></span> <span class='ocrx_word' id='word_1_122' title='bbox 441 1305 633 1374; x_wconf 77' lang='lat' dir='ltr'><strong>philosophia,</strong></span> <span class='ocrx_word' id='word_1_123' title='bbox 654 1321 689 1358; x_wconf 89' lang='lat' dir='ltr'><strong>an</strong></span> <span class='ocrx_word' id='word_1_124' title='bbox 700 1308 727 1356; x_wconf 90' lang='lat' dir='ltr'><strong>in</strong></span> <span class='ocrx_word' id='word_1_125' title='bbox 739 1306 798 1372; x_wconf 83' lang='lat' dir='ltr'><strong>ipsa</strong></span> <span class='ocrx_word' id='word_1_126' title='bbox 808 1305 868 1355; x_wconf 82' lang='lat' dir='ltr'><strong>vita</strong></span> <span class='ocrx_word' id='word_1_127' title='bbox 878 1302 1006 1378; x_wconf 76' lang='lat' dir='ltr'><strong>prosece-</strong></span> 
     </span>
     <span class='ocr_line' id='line_1_17' title="bbox 183 1373 1060 1444; baseline -0.002 -16"><span class='ocrx_word' id='word_1_128' title='bbox 183 1373 250 1428; x_wconf 80' lang='lat' dir='ltr'><strong>&#39;rin</strong></span> <span class='ocrx_word' id='word_1_129' title='bbox 285 1373 311 1428; x_wconf 84' lang='grc'><strong>3.</strong></span> <span class='ocrx_word' id='word_1_130' title='bbox 331 1377 393 1430; x_wconf 74' lang='lat' dir='ltr'><strong>Non</strong></span> <span class='ocrx_word' id='word_1_131' title='bbox 403 1382 448 1428; x_wconf 88' lang='lat' dir='ltr'><strong>est</strong></span> <span class='ocrx_word' id='word_1_132' title='bbox 457 1373 633 1444; x_wconf 83' lang='lat' dir='ltr'><strong>philosophie</strong></span> <span class='ocrx_word' id='word_1_133' title='bbox 643 1375 777 1442; x_wconf 89' lang='lat' dir='ltr'><strong>populare</strong></span> <span class='ocrx_word' id='word_1_134' title='bbox 787 1375 943 1436; x_wconf 77' lang='lat' dir='ltr'><strong>artificium,</strong></span> <span class='ocrx_word' id='word_1_135' title='bbox 952 1388 1006 1426; x_wconf 87' lang='lat' dir='ltr'><strong>nec</strong></span> <span class='ocrx_word' id='word_1_136' title='bbox 1059 1393 1060 1398; x_wconf 45' lang='lat'>¹</span> 
     </span>
    </p>

    <p class='ocr_par' dir='ltr' id='par_1_16' title="bbox 202 1442 1005 1511">
     <span class='ocr_line' id='line_1_18' title="bbox 202 1442 1005 1511; baseline -0.002 -14"><span class='ocrx_word' id='word_1_137' title='bbox 202 1443 386 1499; x_wconf 72' lang='lat' dir='ltr'><strong>ostentationi</strong></span> <span class='ocrx_word' id='word_1_138' title='bbox 398 1452 537 1511; x_wconf 82' lang='lat' dir='ltr'><strong>paratum:</strong></span> <span class='ocrx_word' id='word_1_139' title='bbox 550 1461 605 1497; x_wconf 90' lang='lat' dir='ltr'><strong>non</strong></span> <span class='ocrx_word' id='word_1_140' title='bbox 618 1446 646 1496; x_wconf 92' lang='lat' dir='ltr'><strong>in</strong></span> <span class='ocrx_word' id='word_1_141' title='bbox 660 1444 815 1505; x_wconf 85' lang='lat' dir='ltr'><strong>verbis,sed</strong></span> <span class='ocrx_word' id='word_1_142' title='bbox 827 1442 1005 1502; x_wconf 80' lang='lat' dir='ltr'><strong>inrebusest.</strong></span> 
     </span>
    </p>

    <p class='ocr_par' dir='ltr' id='par_1_17' title="bbox 201 1511 1002 1585">
     <span class='ocr_line' id='line_1_19' title="bbox 201 1511 1002 1585; baseline 0 -19"><span class='ocrx_word' id='word_1_143' title='bbox 201 1513 262 1566; x_wconf 87' lang='lat' dir='ltr'><strong>Nec</strong></span> <span class='ocrx_word' id='word_1_144' title='bbox 274 1515 300 1563; x_wconf 89' lang='lat' dir='ltr'><strong>io</strong></span> <span class='ocrx_word' id='word_1_145' title='bbox 312 1513 367 1565; x_wconf 87' lang='lat' dir='ltr'><strong>boc</strong></span> <span class='ocrx_word' id='word_1_146' title='bbox 379 1511 545 1575; x_wconf 77' lang='lat' dir='ltr'><strong>adhibetur,</strong></span> <span class='ocrx_word' id='word_1_147' title='bbox 559 1519 590 1564; x_wconf 85' lang='lat' dir='ltr'><strong>ut</strong></span> <span class='ocrx_word' id='word_1_148' title='bbox 599 1513 693 1579; x_wconf 80' lang='lat' dir='ltr'><strong>aliqua</strong></span> <span class='ocrx_word' id='word_1_149' title='bbox 705 1513 893 1566; x_wconf 85' lang='lat' dir='ltr'><strong>oblectatione</strong></span> <span class='ocrx_word' id='word_1_150' title='bbox 905 1526 1002 1585; x_wconf 77' lang='lat' dir='ltr'><strong>conou-</strong></span> 
     </span>
    </p>

    <p class='ocr_par' dir='ltr' id='par_1_18' title="bbox 201 1581 1009 1644">
     <span class='ocr_line' id='line_1_20' title="bbox 201 1581 1009 1644; baseline 0.002 -10"><span class='ocrx_word' id='word_1_151' title='bbox 201 1587 297 1634; x_wconf 86' lang='lat' dir='ltr'><strong>matur</strong></span> <span class='ocrx_word' id='word_1_152' title='bbox 307 1581 377 1644; x_wconf 87' lang='lat' dir='ltr'><strong>dies,</strong></span> <span class='ocrx_word' id='word_1_153' title='bbox 386 1587 418 1634; x_wconf 86' lang='lat' dir='ltr'><strong>ut</strong></span> <span class='ocrx_word' id='word_1_154' title='bbox 429 1582 558 1634; x_wconf 79' lang='lat' dir='ltr'><strong>demetur</strong></span> <span class='ocrx_word' id='word_1_155' title='bbox 568 1583 625 1633; x_wconf 89' lang='lat' dir='ltr'><strong>otio</strong></span> <span class='ocrx_word' id='word_1_156' title='bbox 638 1595 754 1633; x_wconf 75' lang='lat' dir='ltr'><strong>nausea:</strong></span> <span class='ocrx_word' id='word_1_157' title='bbox 766 1582 888 1634; x_wconf 86' lang='lat' dir='ltr'><strong>animum</strong></span> <span class='ocrx_word' id='word_1_158' title='bbox 899 1581 1009 1636; x_wconf 82' lang='lat' dir='ltr'><strong>ibrmat</strong></span> 
     </span>
    </p>

    <p class='ocr_par' dir='ltr' id='par_1_19' title="bbox 164 1649 1009 1726">
     <span class='ocr_line' id='line_1_21' title="bbox 164 1649 1009 1726; baseline 0 -22"><span class='ocrx_word' id='word_1_159' title='bbox 164 1683 170 1692; x_wconf 91' lang='lat'>·</span> <span class='ocrx_word' id='word_1_160' title='bbox 203 1658 233 1705; x_wconf 85' lang='lat' dir='ltr'><strong>et</strong></span> <span class='ocrx_word' id='word_1_161' title='bbox 247 1649 376 1711; x_wconf 76' lang='lat' dir='ltr'><strong>fabricat,</strong></span> <span class='ocrx_word' id='word_1_162' title='bbox 396 1650 484 1726; x_wconf 56' lang='lat' dir='ltr'><strong>uitem</strong></span> <span class='ocrx_word' id='word_1_163' title='bbox 496 1651 630 1716; x_wconf 74' lang='lat' dir='ltr'><strong>disponit,</strong></span> <span class='ocrx_word' id='word_1_164' title='bbox 653 1651 777 1702; x_wconf 85' lang='lat' dir='ltr'><strong>actiones</strong></span> <span class='ocrx_word' id='word_1_165' title='bbox 788 1652 873 1717; x_wconf 82' lang='lat' dir='ltr'><strong>regit,</strong></span> <span class='ocrx_word' id='word_1_166' title='bbox 894 1651 1009 1720; x_wconf 80' lang='lat' dir='ltr'><strong>agenda</strong></span> 
     </span>
    </p>

    <p class='ocr_par' dir='ltr' id='par_1_20' title="bbox 104 1718 1059 2004">
     <span class='ocr_line' id='line_1_22' title="bbox 203 1718 1010 1785; baseline 0.001 -12"><span class='ocrx_word' id='word_1_167' title='bbox 203 1727 234 1773; x_wconf 87' lang='lat' dir='ltr'><strong>et</strong></span> <span class='ocrx_word' id='word_1_168' title='bbox 244 1718 397 1772; x_wconf 83' lang='lat' dir='ltr'><strong>omittenda</strong></span> <span class='ocrx_word' id='word_1_169' title='bbox 407 1720 590 1780; x_wconf 78' lang='lat' dir='ltr'><strong>demonstrat,</strong></span> <span class='ocrx_word' id='word_1_170' title='bbox 601 1718 681 1770; x_wconf 90' lang='lat' dir='ltr'><strong>sedet</strong></span> <span class='ocrx_word' id='word_1_171' title='bbox 693 1719 727 1770; x_wconf 83' lang='lat' dir='ltr'><strong>ad</strong></span> <span class='ocrx_word' id='word_1_172' title='bbox 739 1719 967 1785; x_wconf 74' lang='lat' dir='ltr'><strong>gubernaculum,</strong></span> <span class='ocrx_word' id='word_1_173' title='bbox 977 1727 1010 1774; x_wconf 87' lang='lat' dir='ltr'><strong>et</strong></span> 
     </span>
     <span class='ocr_line' id='line_1_23' title="bbox 104 1787 1059 1856; baseline -0.002 -11"><span class='ocrx_word' id='word_1_174' title='bbox 104 1838 112 1845; x_wconf 88' lang='lat'>.</span> <span class='ocrx_word' id='word_1_175' title='bbox 202 1804 255 1856; x_wconf 90' lang='lat' dir='ltr'><strong>per</strong></span> <span class='ocrx_word' id='word_1_176' title='bbox 265 1789 400 1854; x_wconf 80' lang='lat' dir='ltr'><strong>ancipitia</strong></span> <span class='ocrx_word' id='word_1_177' title='bbox 411 1787 606 1842; x_wconf 80' lang='lat' dir='ltr'><strong>fluctuantium</strong></span> <span class='ocrx_word' id='word_1_178' title='bbox 618 1788 717 1854; x_wconf 80' lang='lat' dir='ltr'><strong>dirigit</strong></span> <span class='ocrx_word' id='word_1_179' title='bbox 729 1797 849 1840; x_wconf 84' lang='lat' dir='ltr'><strong>cursum.</strong></span> <span class='ocrx_word' id='word_1_180' title='bbox 873 1789 941 1842; x_wconf 87' lang='lat' dir='ltr'><strong>Sine</strong></span> <span class='ocrx_word' id='word_1_181' title='bbox 952 1790 1011 1843; x_wconf 87' lang='lat' dir='ltr'><strong>bac</strong></span> <span class='ocrx_word' id='word_1_182' title='bbox 1058 1799 1059 1822; x_wconf 79' lang='lat'>³</span> 
     </span>
     <span class='ocr_line' id='line_1_24' title="bbox 201 1858 1059 1927; baseline 0.002 -17"><span class='ocrx_word' id='word_1_183' title='bbox 201 1873 286 1912; x_wconf 78' lang='lat' dir='ltr'><strong>nenio</strong></span> <span class='ocrx_word' id='word_1_184' title='bbox 296 1873 411 1910; x_wconf 77' lang='lat' dir='ltr'><strong>securum</strong></span> <span class='ocrx_word' id='word_1_185' title='bbox 422 1865 473 1909; x_wconf 83' lang='lat' dir='ltr'><strong>eet.</strong></span> <span class='ocrx_word' id='word_1_186' title='bbox 510 1858 728 1910; x_wconf 77' lang='lat' dir='ltr'><strong>Innumerabilia</strong></span> <span class='ocrx_word' id='word_1_187' title='bbox 740 1859 872 1909; x_wconf 76' lang='lat' dir='ltr'><strong>accidunt</strong></span> <span class='ocrx_word' id='word_1_188' title='bbox 886 1859 1010 1927; x_wconf 78' lang='lat' dir='ltr'><strong>singulis</strong></span> <span class='ocrx_word' id='word_1_189' title='bbox 1058 1867 1059 1886; x_wconf 71' lang='lat'><em>³</em></span> 
     </span>
     <span class='ocr_line' id='line_1_25' title="bbox 202 1926 1011 1995; baseline 0.002 -15"><span class='ocrx_word' id='word_1_190' title='bbox 202 1927 369 1995; x_wconf 82' lang='lat' dir='ltr'><strong>lroric‚quae</strong></span> <span class='ocrx_word' id='word_1_191' title='bbox 379 1927 525 1980; x_wconf 87' lang='lat' dir='ltr'><strong>consilium</strong></span> <span class='ocrx_word' id='word_1_192' title='bbox 536 1927 741 1995; x_wconf 82' lang='lat' dir='ltr'><strong>exigunt,quod</strong></span> <span class='ocrx_word' id='word_1_193' title='bbox 752 1928 788 1980; x_wconf 86' lang='lat' dir='ltr'><strong>ab</strong></span> <span class='ocrx_word' id='word_1_194' title='bbox 799 1926 850 1979; x_wconf 75' lang='lat' dir='ltr'><strong>hec</strong></span> <span class='ocrx_word' id='word_1_195' title='bbox 856 1929 1011 1994; x_wconf 86' lang='lat' dir='ltr'><strong>petendum</strong></span> 
     </span>
    </p>

    <p class='ocr_par' dir='ltr' id='par_1_21' title="bbox 204 1995 1011 2066">
     <span class='ocr_line' id='line_1_26' title="bbox 204 1995 1011 2066; baseline 0.001 -17"><span class='ocrx_word' id='word_1_196' title='bbox 204 2004 257 2049; x_wconf 77' lang='lat' dir='ltr'><strong>est</strong></span> <span class='ocrx_word' id='word_1_197' title='bbox 292 1997 319 2050; x_wconf 81' lang='lat'><strong>4.</strong></span> <span class='ocrx_word' id='word_1_198' title='bbox 338 1997 420 2050; x_wconf 88' lang='lat' dir='ltr'><strong>Dicet</strong></span> <span class='ocrx_word' id='word_1_199' title='bbox 436 1997 551 2065; x_wconf 87' lang='lat' dir='ltr'><strong>aliquis:</strong></span> <span class='ocrx_word' id='word_1_200' title='bbox 577 1997 650 2058; x_wconf 76' lang='lat' dir='ltr'><strong>Quid</strong></span> <span class='ocrx_word' id='word_1_201' title='bbox 668 1995 735 2049; x_wconf 81' lang='lat' dir='ltr'><strong>nribi</strong></span> <span class='ocrx_word' id='word_1_202' title='bbox 752 1998 868 2063; x_wconf 85' lang='lat' dir='ltr'><strong>prodest</strong></span> <span class='ocrx_word' id='word_1_203' title='bbox 884 1998 1011 2066; x_wconf 83' lang='lat' dir='ltr'><strong>pbiloso-</strong></span> 
     </span>
    </p>

    <p class='ocr_par' dir='ltr' id='par_1_22' title="bbox 202 2065 1011 2134">
     <span class='ocr_line' id='line_1_27' title="bbox 202 2065 1011 2134; baseline -0.002 -14"><span class='ocrx_word' id='word_1_204' title='bbox 202 2066 280 2134; x_wconf 84' lang='lat' dir='ltr'><strong>pbis,</strong></span> <span class='ocrx_word' id='word_1_205' title='bbox 292 2066 316 2118; x_wconf 84' lang='lat' dir='ltr'><strong>si</strong></span> <span class='ocrx_word' id='word_1_206' title='bbox 328 2066 416 2120; x_wconf 82' lang='lat' dir='ltr'><strong>latum</strong></span> <span class='ocrx_word' id='word_1_207' title='bbox 428 2066 488 2120; x_wconf 84' lang='lat' dir='ltr'><strong>esti</strong></span> <span class='ocrx_word' id='word_1_208' title='bbox 496 2065 564 2134; x_wconf 81' lang='lat' dir='ltr'><strong>quid</strong></span> <span class='ocrx_word' id='word_1_209' title='bbox 578 2065 706 2132; x_wconf 87' lang='lat' dir='ltr'><strong>prodest,</strong></span> <span class='ocrx_word' id='word_1_210' title='bbox 718 2067 828 2119; x_wconf 80' lang='lat' dir='ltr'><strong>silleus</strong></span> <span class='ocrx_word' id='word_1_211' title='bbox 841 2073 934 2120; x_wconf 88' lang='lat' dir='ltr'><strong>rector</strong></span> <span class='ocrx_word' id='word_1_212' title='bbox 944 2067 1011 2120; x_wconf 72' lang='lat' dir='ltr'><strong>esti</strong></span> 
     </span>
    </p>

    <p class='ocr_par' dir='ltr' id='par_1_23' title="bbox 196 2135 1058 2433">
     <span class='ocr_line' id='line_1_28' title="bbox 204 2135 1011 2204; baseline 0.006 -17"><span class='ocrx_word' id='word_1_213' title='bbox 204 2135 273 2204; x_wconf 88' lang='lat' dir='ltr'><strong>quid</strong></span> <span class='ocrx_word' id='word_1_214' title='bbox 283 2137 408 2203; x_wconf 89' lang='lat' dir='ltr'><strong>prodest,</strong></span> <span class='ocrx_word' id='word_1_215' title='bbox 418 2139 444 2192; x_wconf 91' lang='lat' dir='ltr'><strong>si</strong></span> <span class='ocrx_word' id='word_1_216' title='bbox 452 2151 532 2189; x_wconf 87' lang='lat' dir='ltr'><strong>casus</strong></span> <span class='ocrx_word' id='word_1_217' title='bbox 543 2136 682 2203; x_wconf 75' lang='lat' dir='ltr'><strong>imperati</strong></span> <span class='ocrx_word' id='word_1_218' title='bbox 693 2136 764 2189; x_wconf 83' lang='lat' dir='ltr'><strong>Nam</strong></span> <span class='ocrx_word' id='word_1_219' title='bbox 774 2143 803 2188; x_wconf 86' lang='lat' dir='ltr'><strong>et</strong></span> <span class='ocrx_word' id='word_1_220' title='bbox 814 2138 913 2189; x_wconf 77' lang='lat' dir='ltr'><strong>mutari</strong></span> <span class='ocrx_word' id='word_1_221' title='bbox 925 2142 1011 2192; x_wconf 77' lang='lat' dir='ltr'><strong>certo</strong></span> 
     </span>
     <span class='ocr_line' id='line_1_29' title="bbox 203 2205 1058 2273; baseline 0.002 -15"><span class='ocrx_word' id='word_1_222' title='bbox 203 2221 264 2264; x_wconf 76' lang='lat' dir='ltr'><strong>non,</strong></span> <span class='ocrx_word' id='word_1_223' title='bbox 272 2213 401 2272; x_wconf 86' lang='lat' dir='ltr'><strong>possunt,</strong></span> <span class='ocrx_word' id='word_1_224' title='bbox 419 2212 448 2259; x_wconf 88' lang='lat' dir='ltr'><strong>et</strong></span> <span class='ocrx_word' id='word_1_225' title='bbox 459 2206 529 2258; x_wconf 88' lang='lat' dir='ltr'><strong>nihil</strong></span> <span class='ocrx_word' id='word_1_226' title='bbox 541 2207 704 2272; x_wconf 82' lang='lat' dir='ltr'><strong>praeparari</strong></span> <span class='ocrx_word' id='word_1_227' title='bbox 714 2213 808 2273; x_wconf 86' lang='lat' dir='ltr'><strong>potest</strong></span> <span class='ocrx_word' id='word_1_228' title='bbox 819 2205 954 2259; x_wconf 82' lang='lat' dir='ltr'><strong>adversus</strong></span> <span class='ocrx_word' id='word_1_229' title='bbox 964 2207 1010 2256; x_wconf 88' lang='lat' dir='ltr'><strong>in·</strong></span> <span class='ocrx_word' id='word_1_230' title='bbox 1057 2245 1058 2260; x_wconf 55' lang='grc' dir='ltr'>ι</span> 
     </span>
     <span class='ocr_line' id='line_1_30' title="bbox 196 2271 1058 2342; baseline -0.001 -14"><span class='ocrx_word' id='word_1_231' title='bbox 196 2274 292 2328; x_wconf 71' lang='lat' dir='ltr'><strong>&#39;certor</strong></span> <span class='ocrx_word' id='word_1_232' title='bbox 303 2276 328 2327; x_wconf 89' lang='lat' dir='ltr'><strong>si</strong></span> <span class='ocrx_word' id='word_1_233' title='bbox 339 2282 389 2327; x_wconf 86' lang='lat' dir='ltr'><strong>out</strong></span> <span class='ocrx_word' id='word_1_234' title='bbox 400 2277 543 2336; x_wconf 79' lang='lat' dir='ltr'><strong>consilium</strong></span> <span class='ocrx_word' id='word_1_235' title='bbox 556 2291 647 2336; x_wconf 76' lang='lat' dir='ltr'><strong>meum</strong></span> <span class='ocrx_word' id='word_1_236' title='bbox 659 2275 734 2326; x_wconf 88' lang='lat' dir='ltr'><strong>Deus</strong></span> <span class='ocrx_word' id='word_1_237' title='bbox 747 2275 900 2342; x_wconf 82' lang='lat' dir='ltr'><strong>occupavit,</strong></span> <span class='ocrx_word' id='word_1_238' title='bbox 911 2276 1013 2327; x_wconf 86' lang='lat' dir='ltr'><strong>decre·</strong></span> <span class='ocrx_word' id='word_1_239' title='bbox 1057 2271 1058 2318; x_wconf 69' lang='lat' dir='ltr'><strong>l</strong></span> 
     </span>
     <span class='ocr_line' id='line_1_31' title="bbox 202 2341 1014 2416; baseline 0.001 -21"><span class='ocrx_word' id='word_1_240' title='bbox 202 2344 387 2412; x_wconf 41' lang='lat' dir='ltr'><strong>vitquevquid</strong></span> <span class='ocrx_word' id='word_1_241' title='bbox 409 2343 543 2416; x_wconf 80' lang='lat' dir='ltr'><strong>lacerem,</strong></span> <span class='ocrx_word' id='word_1_242' title='bbox 565 2351 613 2396; x_wconf 84' lang='lat' dir='ltr'><strong>aut</strong></span> <span class='ocrx_word' id='word_1_243' title='bbox 627 2344 744 2396; x_wconf 88' lang='lat' dir='ltr'><strong>consilio</strong></span> <span class='ocrx_word' id='word_1_244' title='bbox 760 2359 823 2396; x_wconf 87' lang='lat' dir='ltr'><strong>meo</strong></span> <span class='ocrx_word' id='word_1_245' title='bbox 838 2343 878 2394; x_wconf 92' lang='lat' dir='ltr'><strong>nil</strong></span> <span class='ocrx_word' id='word_1_246' title='bbox 889 2341 1014 2396; x_wconf 78' lang='lat' dir='ltr'><strong>&#39;fortuna</strong></span> 
     </span>
    </p>

    <p class='ocr_par' dir='ltr' id='par_1_24' title="bbox 224 2409 1014 2481">
     <span class='ocr_line' id='line_1_32' title="bbox 224 2409 1014 2481; baseline -0.001 -15"><span class='ocrx_word' id='word_1_247' title='bbox 224 2413 354 2466; x_wconf 79' lang='lat' dir='ltr'><strong>ernrittit.</strong></span> <span class='ocrx_word' id='word_1_248' title='bbox 389 2413 527 2481; x_wconf 74' lang='lat' dir='ltr'><strong>Quidquid</strong></span> <span class='ocrx_word' id='word_1_249' title='bbox 541 2418 629 2466; x_wconf 84' lang='lat' dir='ltr'><strong>estex</strong></span> <span class='ocrx_word' id='word_1_250' title='bbox 639 2412 696 2474; x_wconf 90' lang='lat' dir='ltr'><strong>his,</strong></span> <span class='ocrx_word' id='word_1_251' title='bbox 707 2411 809 2475; x_wconf 83' lang='lat' dir='ltr'><strong>Lucili,</strong></span> <span class='ocrx_word' id='word_1_252' title='bbox 820 2413 865 2464; x_wconf 82' lang='lat' dir='ltr'><strong>vel</strong></span> <span class='ocrx_word' id='word_1_253' title='bbox 876 2409 899 2464; x_wconf 88' lang='lat' dir='ltr'><strong>si</strong></span> <span class='ocrx_word' id='word_1_254' title='bbox 911 2415 1014 2466; x_wconf 86' lang='lat' dir='ltr'><strong>omnia</strong></span> 
     </span>
    </p>

    <p class='ocr_par' dir='ltr' id='par_1_25' title="bbox 81 2428 1013 2548">
     <span class='ocr_line' id='line_1_33' title="bbox 81 2428 1013 2548; baseline 0.006 -20"><span class='ocrx_word' id='word_1_255' title='bbox 81 2518 85 2528; x_wconf 85' lang='grc'>,</span> <span class='ocrx_word' id='word_1_256' title='bbox 125 2503 128 2506; x_wconf 93' lang='grc'><strong><em>·</em></strong></span> <span class='ocrx_word' id='word_1_257' title='bbox 202 2428 274 2538; x_wconf 58' lang='lat' dir='ltr'><strong>flacc</strong></span> <span class='ocrx_word' id='word_1_258' title='bbox 284 2487 358 2544; x_wconf 88' lang='lat' dir='ltr'><strong>sunt,</strong></span> <span class='ocrx_word' id='word_1_259' title='bbox 368 2479 619 2548; x_wconf 81' lang='lat' dir='ltr'><strong>philosophandum</strong></span> <span class='ocrx_word' id='word_1_260' title='bbox 631 2488 686 2534; x_wconf 89' lang='lat' dir='ltr'><strong>est:</strong></span> <span class='ocrx_word' id='word_1_261' title='bbox 699 2483 758 2534; x_wconf 75' lang='lat' dir='ltr'><strong>sive</strong></span> <span class='ocrx_word' id='word_1_262' title='bbox 769 2497 820 2533; x_wconf 90' lang='lat' dir='ltr'><strong>nos</strong></span> <span class='ocrx_word' id='word_1_263' title='bbox 832 2481 1013 2536; x_wconf 76' lang='lat' dir='ltr'><strong>inexorabili</strong></span> 
     </span>
    </p>

    <p class='ocr_par' dir='ltr' id='par_1_26' title="bbox 202 2549 1013 2621">
     <span class='ocr_line' id='line_1_34' title="bbox 202 2549 1013 2621; baseline -0.001 -16"><span class='ocrx_word' id='word_1_264' title='bbox 202 2553 267 2621; x_wconf 75' lang='lat' dir='ltr'><strong>lege</strong></span> <span class='ocrx_word' id='word_1_265' title='bbox 283 2552 344 2604; x_wconf 80' lang='lat' dir='ltr'><strong>luto</strong></span> <span class='ocrx_word' id='word_1_266' title='bbox 360 2549 568 2620; x_wconf 78' lang='lat' dir='ltr'><strong>constribgunt,</strong></span> <span class='ocrx_word' id='word_1_267' title='bbox 588 2551 647 2603; x_wconf 83' lang='lat' dir='ltr'><strong>sive</strong></span> <span class='ocrx_word' id='word_1_268' title='bbox 662 2549 769 2604; x_wconf 71' lang='lat' dir='ltr'><strong>arbiter</strong></span> <span class='ocrx_word' id='word_1_269' title='bbox 783 2552 860 2604; x_wconf 86' lang='lat' dir='ltr'><strong>Deus</strong></span> <span class='ocrx_word' id='word_1_270' title='bbox 880 2551 1013 2606; x_wconf 83' lang='lat' dir='ltr'><strong>universi</strong></span> 
     </span>
    </p>

    <p class='ocr_par' dir='ltr' id='par_1_27' title="bbox 203 2621 1013 2687">
     <span class='ocr_line' id='line_1_35' title="bbox 203 2621 1013 2687; baseline 0.001 -12"><span class='ocrx_word' id='word_1_271' title='bbox 203 2628 304 2675; x_wconf 85' lang='lat' dir='ltr'><strong>cuncta</strong></span> <span class='ocrx_word' id='word_1_272' title='bbox 313 2621 450 2687; x_wconf 77' lang='lat' dir='ltr'><strong>disponit,</strong></span> <span class='ocrx_word' id='word_1_273' title='bbox 468 2623 528 2686; x_wconf 80' lang='lat' dir='ltr'><strong>¹siro</strong></span> <span class='ocrx_word' id='word_1_274' title='bbox 540 2635 620 2672; x_wconf 84' lang='lat' dir='ltr'><strong>casus</strong></span> <span class='ocrx_word' id='word_1_275' title='bbox 631 2635 676 2672; x_wconf 80' lang='lat' dir='ltr'><strong>res</strong></span> <span class='ocrx_word' id='word_1_276' title='bbox 686 2621 819 2673; x_wconf 77' lang='lat' dir='ltr'><strong>hurrrsnes</strong></span> <span class='ocrx_word' id='word_1_277' title='bbox 832 2622 892 2672; x_wconf 88' lang='lat' dir='ltr'><strong>sine</strong></span> <span class='ocrx_word' id='word_1_278' title='bbox 904 2622 1013 2676; x_wconf 88' lang='lat' dir='ltr'><strong>ordine</strong></span> 
     </span>
    </p>

    <p class='ocr_par' dir='ltr' id='par_1_28' title="bbox 202 2687 1016 2760">
     <span class='ocr_line' id='line_1_36' title="bbox 202 2687 1016 2760; baseline 0.001 -17"><span class='ocrx_word' id='word_1_279' title='bbox 202 2691 323 2760; x_wconf 83' lang='lat' dir='ltr'><strong>impellit</strong></span> <span class='ocrx_word' id='word_1_280' title='bbox 339 2696 367 2743; x_wconf 85' lang='lat' dir='ltr'><strong>et</strong></span> <span class='ocrx_word' id='word_1_281' title='bbox 383 2690 487 2754; x_wconf 75' lang='lat' dir='ltr'><strong>iactet,</strong></span> <span class='ocrx_word' id='word_1_282' title='bbox 507 2687 747 2758; x_wconf 82' lang='lat' dir='ltr'><strong>philosophianos</strong></span> <span class='ocrx_word' id='word_1_283' title='bbox 757 2691 833 2742; x_wconf 87' lang='lat' dir='ltr'><strong>tueri</strong></span> <span class='ocrx_word' id='word_1_284' title='bbox 849 2689 963 2750; x_wconf 56' lang='lat' dir='ltr'><strong>debet„</strong></span> <span class='ocrx_word' id='word_1_285' title='bbox 985 2693 1016 2744; x_wconf 88' lang='lat'><strong>5.</strong></span> 
     </span>
    </p>
   </div>
   <div class='ocr_carea' id='block_1_3' title="bbox 203 2758 1019 2830">
    <p class='ocr_par' dir='ltr' id='par_1_29' title="bbox 203 2757 1057 2866">
     <span class='ocr_line' id='line_1_37' title="bbox 203 2758 1019 2830; baseline 0.002 -18"><span class='ocrx_word' id='word_1_286' title='bbox 203 2761 284 2816; x_wconf 81' lang='lat' dir='ltr'><strong>llaec</strong></span> <span class='ocrx_word' id='word_1_287' title='bbox 300 2758 508 2826; x_wconf 84' lang='lat' dir='ltr'><strong>adhortabitur,</strong></span> <span class='ocrx_word' id='word_1_288' title='bbox 528 2759 637 2827; x_wconf 80' lang='lat' dir='ltr'><strong>utileo</strong></span> <span class='ocrx_word' id='word_1_289' title='bbox 652 2761 773 2816; x_wconf 84' lang='lat' dir='ltr'><strong>libenter</strong></span> <span class='ocrx_word' id='word_1_290' title='bbox 791 2773 957 2830; x_wconf 83' lang='lat' dir='ltr'><strong>percamus,</strong></span> <span class='ocrx_word' id='word_1_291' title='bbox 979 2765 1019 2815; x_wconf 82' lang='lat' dir='ltr'><strong>ut</strong></span> 
     </span>
    </p>
   </div>
   <div class='ocr_carea' id='block_1_4' title="bbox 0 0 1072 3192">
    <p class='ocr_par' dir='ltr' id='par_1_30' title="bbox 0 0 1072 3192">
     <span class='ocr_line' id='line_1_38' title="bbox 0 0 1072 3192; baseline 0 0"><span class='ocrx_word' id='word_1_292' title='bbox 0 0 1072 3192; x_wconf 95' lang='lat' dir='ltr'><strong> </strong></span> 
     </span>
    </p>
   </div>
  </div>
 </body>
</html>
