2112 3184
176 213 182 230 ‘
256 167 620 270 urtsrounuru.
783 217 837 271 213
913 183 922 194 ”

40 345 94 383 nun
105 316 260 398 quaerimus
271 331 337 398 quid
349 333 385 382 sit
394 332 506 395 bonum,
521 333 568 386 sed
580 333 654 402 quod
665 335 703 390 sit
714 334 837 390 bominis

39 401 149 454 bonum.
183 401 216 453 Si
232 401 338 454 nullum
357 401 433 464 uliud
444 409 487 452 est
498 403 627 468 bominis,
649 421 730 474 quens
743 408 835 458 ratio:

41 470 109 522 bueo
126 471 180 523 erit
199 486 282 520 unum
303 473 364 522 eins
381 472 498 532 bonum,
517 472 565 524 sed
587 477 755 540 pensandum
772 492 835 527 cum

42 541 176 592 omuibus.
197 533 262 591 tissi
273 539 310 590 sit
322 539 423 608 uliquis
434 541 531 603 melus,
542 549 609 606 puto
620 544 835 608 improbabiturt
867 550 869 556 ’
927 580 929 584 .
954 548 960 557 '

42 611 66 662 si
85 609 187 671 bouus,
210 616 277 676 puto
294 611 464 676 probabitur.
501 611 532 662 ld
545 623 614 678 ergo
624 611 653 660 in
663 611 772 664 homine
782 617 837 682 pri-

40 693 115 730 mum
126 679 271 745 solumque
283 685 341 740 est,
361 695 414 746 quo
422 687 459 732 et
472 681 607 747 probatur
617 687 645 730 et
657 679 834 746 improbatur.

40 749 104 800 Non
114 747 237 810 dubitas,
259 748 534 812 subventionum:
556 747 683 810 dubites,
702 763 737 800 en
748 749 836 801 solum
918 755 922 763 ‘
935 777 939 782 ·

39 819 199 884 bonurnsit.
236 817 266 870 Si
278 819 339 886 quis
351 821 443 870 omnia
454 820 509 871 elia
519 817 629 882 habeat,
641 817 838 880 valetud-inem,

40 887 162 948 divitias,
183 888 318 955 imagines
329 887 440 951 multos,
452 889 582 956 frequens
593 889 704 946 atrium,
719 885 769 946 sed
780 902 837 940 me-

39 958 85 1008 lus
99 970 132 1006 ex
142 955 269 1008 confesso
282 959 331 1008 sit:
352 959 522 1026 improbabit
537 959 625 1010 illum.
660 957 729 1009 ltern
741 955 766 1006 si
776 955 837 1022 quis

39 1025 112 1078 nibil
123 1025 230 1090 quidem
242 1027 354 1078 illorum
364 1043 436 1093 quae
445 1029 541 1091 retuli,
560 1027 671 1090 babeat,
692 1025 837 1086 deiiciatur
879 1069 881 1081 ,

38 1095 169 1162 pecunia,
176 1097 307 1146 clientum
319 1097 409 1158 turbs,
420 1099 578 1157 nobilitate,
590 1103 618 1148 et
628 1109 740 1146 urorum
752 1107 836 1160 proa-
857 1146 859 1150 s
909 1145 910 1148 ,

37 1179 190 1230 rorum-que
202 1167 284 1226 serie,
295 1165 343 1216 sed
355 1180 388 1215 ex
399 1156 525 1222 confesso
535 1165 623 1216 burrus
634 1165 685 1215 sit:
705 1161 837 1230 probabit

38 1235 129 1286 illum.
147 1229 189 1284 10.
201 1233 277 1300 Ergo
289 1232 341 1284 boo
354 1248 438 1284 unum
451 1241 494 1286 est
503 1234 604 1284 bouum
615 1231 750 1282 hominis:
761 1229 837 1301 quod
854 1295 858 1303 ι

38 1301 190 1371 quihnbet,
212 1303 325 1354 etiamsi
339 1301 404 1353 aliis
422 1303 593 1367 destituitur,
611 1299 768 1357 laudandus
781 1311 837 1355 este
878 1351 882 1361 ,

39 1372 90 1440 qui
102 1370 258 1434 nonhabet,
279 1373 308 1422 in
327 1374 450 1426 omnium
466 1373 682 1440 aliorum-eopia
693 1367 839 1430 damnatur

38 1457 77 1496 ac
86 1439 221 1510 relicitur.
257 1441 336 1503 Quae
348 1441 472 1494 conditio
483 1457 584 1505 rerum,
594 1443 696 1495 'eudem
709 1447 737 1495 et
749 1441 844 1494 bunti-¹
866 1471 884 1490 ,0

38 1525 107 1564 num
118 1511 169 1562 est.
205 1500 289 1561 Novis
300 1511 374 1562 bonu
385 1511 496 1576 dicitur,
508 1527 561 1564 non
573 1524 644 1580 quus
653 1512 783 1579 pretiosis
794 1525 844 1565 cst-¹
889 1541 890 1546 κ

36 1579 149 1634 iuribus
160 1577 235 1644 pieta
246 1586 301 1642 est,
321 1595 371 1633 nec
382 1581 427 1633 cui
438 1588 601 1650 argenteum
612 1589 661 1634 sut
670 1597 783 1634 aureum
793 1595 839 1633 ro·

37 1661 129 1703 strum
146 1653 202 1709 eut,
224 1663 275 1700 noe
289 1652 472 1722 ouiustutela
488 1653 576 1708 ebore
588 1653 698 1706 caelato
712 1655 767 1712 est,
788 1663 839 1702 noo

35 1733 112 1787 quae
127 1717 200 1768 fiscis
216 1733 249 1770 su
265 1721 363 1786 opibus
377 1722 464 1788 regiis
472 1737 571 1790 pressa
582 1729 638 1776 ests
651 1720 707 1786 sed
717 1719 837 1780 stabilis,

35 1789 166 1848 etlinun,
188 1793 224 1850 et,
244 1787 487 1858 iuncturieaqusm
500 1787 718 1849 excludentibus,
737 1787 837 1852 spissa,
858 1823 860 1830 .
912 1839 922 1846 ,

34 1857 74 1911 ad
87 1855 228 1908 terendum
239 1858 377 1912 incursum
389 1859 579 1920 murissolids,
589 1856 778 1924 gubernaculo
791 1865 839 1918 pu·

32 1941 111 1988 rens,
120 1924 212 1986 velox,
223 1931 311 1978 etnon
322 1927 443 1979 sentiens
454 1933 575 1977 rentum.
594 1925 635 1975 11.
647 1921 779 1982 Gladium
790 1924 839 1972 bo*-

32 2009 103 2050 nunt
115 1993 207 2054 diues,
228 2008 283 2043 uon
296 1995 341 2044 oui
353 1994 502 2044 deauratus
514 1998 557 2052 est
568 1988 712 2050 baltheus,
731 1997 782 2040 uec
792 1991 837 2040 eui
928 2001 930 2008 ’

32 2064 141 2129 ragina
151 2064 267 2130 gemmis
280 2061 473 2127 distinguitur:
485 2058 534 2110 sed
546 2057 592 2109 eui
602 2064 631 2110 et
642 2057 676 2108 ad
688 2057 837 2108 secandum
910 2065 915 2072 “

35 2133 152 2185 subtilis
166 2130 249 2194 acies,
270 2135 299 2181 et
315 2143 409 2180 mucro
428 2127 629 2186 munimentum
646 2139 725 2176 omne
741 2133 852 2192 ruptu-.
906 2157 927 2192 ἢ

32 2217 95 2254 rus.
131 2199 240 2266 Regula
251 2214 305 2250 non
317 2197 538 2265 quamvformosa,
549 2194 597 2247 sed
610 2209 690 2261 quam
702 2195 838 2258 reetesit,
857 2237 873 2244 ,

33 2273 190 2338 quaeritur.
226 2269 269 2320 Eo
285 2267 412 2334 quodque
428 2265 571 2328 laudatur,
594 2267 638 2316 oui
654 2272 839 2333 eomparatur,

34 2339 113 2407 quod
124 2334 323 2406 illipropriunr
335 2343 386 2388 est.
403 2336 479 2404 Ergo
489 2336 519 2386 in
530 2333 639 2388 bomine
650 2350 759 2404 quoque
769 2335 849 2388 nihil*
882 2346 885 2350 ·

34 2410 73 2462 ad
85 2423 144 2461 rem
156 2408 290 2477 pertinet,
312 2411 443 2474 quantum
459 2412 533 2470 eret,
554 2406 687 2476 quantum
703 2405 838 2470 foeneret,
926 2423 931 2442 ³

34 2496 54 2531 a
76 2493 159 2544 quem
175 2477 272 2528 multis
288 2475 435 2539 salutetur,
458 2491 537 2544 quant
557 2477 681 2544 pretioso
697 2476 839 2546 incumbat
922 2481 927 2488 ”

31 2547 121 2610 leuto,
131 2563 221 2616 *quam
233 2547 374 2614 pellucido
385 2541 485 2616 poculo
498 2548 585 2609 bibet,
595 2547 644 2599 sed
656 2561 736 2616 quum
747 2547 837 2597 bouus
877 2539 883 2547 '
907 2581 909 2584 .

32 2616 87 2673 sit:
107 2617 200 2670 bouus
211 2624 303 2671 autem
314 2623 370 2682 est,
390 2619 412 2670 si
424 2617 644 2684 ratio'explieita
659 2622 687 2668 et
698 2619 775 2668 reeta
786 2617 838 2672 est,

32 2694 64 2738 et
82 2687 118 2740 ud
136 2693 254 2740 naturae
269 2703 337 2741 suae
353 2689 524 2742 voluntatem
542 2683 759 2748 accommodata,
794 2677 838 2732 12.

30 2758 116 2809 llaec
128 2762 244 2807 uocatur
254 2759 359 2810 uirtus=
380 2755 434 2808 boo
450 2762 492 2808 est
503 2749 663 2814 honestum,
685 2758 715 2805 et
727 2749 839 2801 unicum

31 2825 161 2879 huminis
172 2827 285 2880 bonum.
321 2823 392 2879 Nam
405 2837 488 2895 quum
498 2824 560 2878 selu
570 2823 644 2875 retio
654 2821 780 2890 perficiat
791 2815 840 2871 hu·
