2112 3184
163 199 169 211 .
202 167 255 226 184
472 155 712 218 'sundere

201 289 283 348 diosc
298 279 388 342 morit
423 285 447 338 θ
462 284 553 336 virum
568 280 686 335 mrtem!
709 297 726 338 o
742 281 872 348 dignum,
891 282 935 336 od
945 281 994 335 isti

202 361 318 414 dumus
325 354 438 408 electio!
450 353 540 416 Quem
550 351 665 405 fortiter
675 351 825 420 illegledio
837 365 904 403 usus
914 352 994 404 esseti

202 443 285 498 quem
300 425 427 477 animose
441 425 470 474 in
487 421 655 491 profundam
670 437 706 475 se
717 420 898 473 altitudinem
909 423 993 483 utere,

198 503 248 552 sut
259 495 399 548 ebscissee
408 491 497 559 rupis,
508 490 684 544 immisisset!
699 489 838 558 -Uddique
849 489 993 542 destitutus

196 565 320 627 invenit,
343 559 576 632 quemadmodum
588 565 617 614 et
626 567 744 614 mortem
755 561 809 614 sibi
820 558 949 622 deberet,
969 563 998 611 et¹

196 635 298 688 telum:
321 639 353 686 ut
368 632 441 684 scies
456 630 493 684 ed
507 628 681 682 moriendum
696 627 863 686 nihiisiiud
877 628 907 679 io
922 641 994 680 more

198 719 270 766 esse,
282 700 456 769 quomreiie.
492 698 537 756 19,
551 697 737 752 Existimetur
748 698 784 751 de
794 697 869 750 fecto
880 695 993 748 hominis

199 772 343 835 acerrimi,
364 775 395 822 ut
418 771 517 835 cuique
534 767 624 818 visum
645 767 713 832 erit,
733 768 797 819 dum
813 765 868 818 hoe
882 771 994 827 constet,

196 838 412 912 preeierendem
427 851 489 890 esse
503 837 710 902 spurcissimam
732 841 852 894 mortem
870 835 995 888 servituti

120 939 127 950 ·
195 910 407 966 mundissimee.
429 906 568 969 Quoniam
579 905 660 972 coepi
671 904 793 958 sordidis
804 903 938 970 exemplis
947 907 994 966 uti,

196 977 392 1050 perseverabo.
416 974 483 1028 Plus
494 977 566 1028 euim
578 990 596 1025 e
604 989 635 1024 se
646 974 876 1042 quisqueexiget,
890 972 915 1023 si
925 972 995 1024 vide·

196 1051 236 1104 rit
247 1049 318 1101 hooc
329 1062 388 1100 rem
399 1045 483 1097 etiem
493 1058 511 1094 e
521 1041 749 1096 contemtissimis
759 1045 993 1110 possecoutemni.

198 1120 327 1180 cetoros,
336 1114 544 1182 Scipionesque,
556 1117 585 1164 et
595 1111 679 1176 elios,
691 1125 761 1180 quos
771 1111 870 1164 eudire
883 1126 942 1164 eum
952 1112 995 1162 ad·

197 1187 349 1250 mirstiorse
363 1181 676 1248 consuevimus‚suprs
690 1181 878 1234 imitationem
892 1181 994 1248 positos
1030 1221 1031 1224 ,

196 1263 343 1326 putemuss
363 1255 421 1308 iem
432 1266 483 1319 ego
494 1251 578 1304 istem
587 1251 721 1305 virtutem
730 1247 835 1303 heber'e
844 1255 900 1302 tem
911 1250 996 1302 multe
1030 1253 1031 1300 Τ

198 1325 327 1393 exemplo
337 1323 365 1386 iri
378 1321 446 1376 ludo
456 1322 703 1390 hostiatim-quem
713 1319 743 1373 in
755 1320 870 1374 ducibus
880 1320 948 1373 belii
963 1321 998 1371 ci-

144 1415 147 1420 ·
196 1389 428 1448 vilisosteudem.
463 1390 506 1444 Ἃ
524 1390 616 1453 Quum
626 1387 811 1446 adveheretur
825 1404 862 1441 nu
882 1403 913 1442 er
926 1389 999 1441 inter

197 1462 343 1520 custodies
363 1461 483 1530 quidem¹
495 1458 533 1512 ed
548 1461 714 1512 matutinum
729 1404 922 1527 spectdcufuur
937 1460 998 1510 mis·

196 1547 259 1594 sus,
269 1538 402 1600 torquem
412 1541 510 1583 somno
523 1534 667 1596 premente
677 1534 804 1592 nutaret,
819 1535 903 1596 ceput
913 1541 1001 1594 usque

189 1615 232 1654 eo
243 1599 370 1664 demisit,
393 1600 483 1653 donec
493 1597 581 1664 radiis
592 1599 744 1664 insereret,
763 1605 793 1652 et
803 1595 913 1652 tamdiu
924 1613 955 1650 se
973 1598 1001 1650 iu

196 1669 281 1723 sedili
293 1682 345 1721 suo
363 1667 467 1730 tenuit,
486 1667 574 1719 donec
588 1667 725 1721 cervicem
736 1668 909 1730 circumsetis
919 1676 1003 1728 rotae

195 1739 349 1808 frangeret.
375 1736 485 1788 Eodem
495 1733 624 1788 vehiculo
636 1751 691 1803 quo
706 1736 743 1790 od
758 1751 878 1804 poenem
889 1735 1002 1791 ferebu-

194 1816 257 1872 tur,
266 1819 386 1876 poenom
397 1803 506 1873 effugit.
541 1803 619 1856 Nihil
631 1806 893 1878 obstet‚erumpere
905 1813 938 1860 et
948 1809 1008 1859 exi·

194 1893 229 1932 re
240 1875 371 1947 cupienti
390 1875 529 1941 leoperto
541 1889 593 1928 nos
604 1879 705 1933 uetere
715 1874 849 1929 custodit.
884 1879 933 1930 21.
945 1877 1008 1940 ,Cui
1029 1925 1030 1928 ,

232 1945 334 2001 rmittit
348 1943 501 1998 necessitas
515 1957 581 2006 sus,
597 1944 803 2012 circumspiciet
813 1944 923 1998 exitum
934 1946 1008 1998 suoi.
1029 1933 1030 1960 ¹

144 2016 149 2020 ’
194 1963 263 2072 ism.
287 2015 339 2070 cui
350 2014 385 2068 ed
395 2013 683 2082 menumpluresunt,
698 2028 750 2082 per
760 2029 831 2081 quoe
842 2029 910 2068 sese
927 2030 1010 2068 esse-

130 2103 134 2110 ·
195 2086 300 2150 ret‚·is
315 2081 454 2137 deiectum
471 2088 553 2150 eget,
575 2088 605 2136 et
615 2096 669 2151 qus
679 2083 854 2150 potissimum
865 2083 1011 2138 liberetur

196 2154 363 2224 cousideret.
378 2154 444 2206 .cui
462 2151 582 2206 difficilis
597 2152 707 2204 ocemio
727 2159 779 2217 est,
798 2151 823 2204 is
844 2153 1012 2220 proximem

120 2231 153 2302 Ὺ
196 2220 1012 2358 iitiqttitttittiitiiiiiittitiiiz’ii·

195 2360 284 2416 fuerit
298 2360 416 2413 enimus.
442 2355 537 2421 vides,
550 2357 782 2428 quemadmodum
793 2326 928 2414 c’x‘treme
940 2375 1013 2428 quo-

66 2441 73 2448 ·
93 2466 97 2469 -
167 2479 174 2484 ,
197 2429 412 2498 quemencipie,
432 2429 481 2480 ubi
492 2428 550 2480 iliis
561 2427 690 2481 stimulos
702 2426 798 2496 adegit
808 2427 910 2492 dolor,
931 2429 1013 2484 exci-

196 2503 309 2560 tentur,
328 2496 853 2551 etintemissimrscustodieriauamt
887 2497 941 2554 22.
963 2498 1013 2550 liis

83 2617 88 2623 .
196 2567 240 2620 ris
250 2577 296 2618 mo
316 2578 367 2616 eus
379 2571 430 2626 est,
442 2565 489 2632 qui
500 2569 617 2616 mortem
628 2566 683 2617 sibi
694 2573 750 2618 'reon
759 2573 870 2621 tentum
878 2568 1012 2636 impera·

195 2637 246 2698 vit,
258 2581 430 2688 redinvenit
465 2632 507 2683 Er
517 2632 614 2683 ecdem
626 2633 679 2686 tibi
689 2649 803 2690 munere
813 2633 900 2702 plura
910 2653 1013 2691 exem·

196 2701 380 2782 plepremisi·
413 2699 922 2781 SecundoNeumechisespecteculo
936 2721 1014 2760 unm
