2160 3226
239 173 275 230 so
509 171 782 250 ,sunnenn-

163 347 165 354 ,
238 281 325 347 Nulla
335 295 426 360 autern
438 305 522 362 causa
531 293 607 345 vitae
615 297 674 354 est,
689 292 780 349 nullut
791 289 963 344 miseriarum
973 304 1033 344 mn·

237 362 302 422 due,
311 361 337 411 si
348 361 464 412 timetur
474 367 606 428 quantum
618 368 719 427 potest.
747 361 802 414 llio
812 361 959 426 prudentie
967 374 1032 427 pro·

236 426 462 490 rit,jhrc'rnbnre
477 431 560 480 animi
579 431 733 482 evidentem
747 443 854 494 quoque
870 434 974 495 metum
985 443 1029 480 re·

235 509 318 561 rpue:
337 497 364 548 si
381 497 485 558 miuus,
505 499 575 548 vitio
596 499 691 548 citium
711 497 830 562 repelle¹
853 510 902 562 spe
924 501 1028 548 metum

223 570 369 630 'tempera
405 565 446 616 12.
463 563 541 619 Nihil
556 572 612 616 tarn
628 571 731 618 certum
747 571 792 615 ert
807 578 842 616 ex
856 561 900 614 nie
913 577 983 628 quae
992 569 1028 614 ti-

170 644 180 656 ·
227 639 353 696 “mentur,
364 640 396 686 ut
406 647 462 685 non
471 635 571 686 certius
581 635 627 694 sit,
638 639 666 684 et
676 632 826 696 lormidatp
835 631 988 694 subsidere,
1001 638 1031 682 et

234 707 347 764 sperata
357 703 493 768 decipere.
522 704 595 768 Ergo
606 707 721 764 etspem
732 713 765 748 ac
775 705 878 751 metum
890 699 1030 752 examina:

188 811 191 820 .
236 770 382 834 etquoties
391 769 497 821 incerta
507 774 589 818 erunt
597 768 699 829 omnia,
707 766 759 816 tibi
770 765 849 829 iave3
860 766 943 824 crede
955 767 1032 832 quod

236 839 336 886 maris:
349 837 373 885 ri
382 836 476 900 plures
486 835 601 886 habebis
609 837 762 886 sententiar
774 841 880 886 metues
890 834 1032 886 nihilomi-

114 917 119 932 *
159 961 163 965 .
234 916 286 952 nus
302 903 329 952 in
340 901 409 954 hanc
419 911 523 968 partem
536 906 628 969 potius
644 902 759 964 inclina,
775 909 804 954 et
822 903 986 968 pertemere
1002 910 1032 954 tc

235 967 338 1020 desine.
372 973 411 1020 Ac
420 972 534 1022 subinde
553 969 605 1021 lroc
624 971 652 1022 in
675 972 768 1021 animo
785 969 877 1030 volve,
895 973 1032 1022 maiorem

217 1045 340 1110 ‘partem
350 1037 519 1100 mortalium,
535 1053 618 1106 quum
628 1037 671 1093 illi
682 1053 732 1089 nec
742 1038 780 1090 sit
791 1037 938 1104 quidquam
950 1038 1032 1101 mali,

194 1130 201 1138 ν
233 1117 346 1170 necpro
367 1111 443 1157 certo
466 1105 655 1166 intumuerit,
675 1111 800 1158 aestuare
816 1121 850 1157 ac
866 1105 1032 1158 discurrere.

202 1197 205 1202 ·
235 1170 277 1223 1³.
294 1172 380 1224 Nemo
398 1175 470 1226 enim
481 1175 587 1227 resistit
598 1173 664 1235 sibi,
679 1185 761 1240 quum
774 1176 898 1242 coeperit
910 1174 1033 1238 impelli,

132 1243 136 1262 ¹
233 1253 285 1292 aec
300 1241 430 1294 timorem
444 1257 524 1294 suum
541 1243 648 1310 redigit
660 1241 695 1294 ad
705 1255 824 1294 verum·
845 1241 932 1293 Nemo
944 1239 1031 1292 dicit:

213 1311 215 1322 '
232 1323 320 1361 renus
335 1315 433 1366 auctor
447 1316 502 1376 es't;
522 1317 570 1364 eut
586 1313 679 1372 linxit,
689 1317 744 1362 aut
760 1309 885 1361 credidit.
921 1309 1032 1360 Damus

232 1391 285 1428 noa
296 1379 490 1450 referentibus,
501 1381 708 1446 expavescimus
717 1379 861 1443 dubiapro
870 1377 962 1437 certis,
972 1391 1033 1428 non

182 1501 187 1506 ,
232 1449 374 1496 serr-'amus
388 1446 501 1497 modum
515 1461 622 1507 rerum,
641 1445 735 1496 statim
754 1446 932 1496 in-timorem
952 1447 1035 1497 venit

219 1509 386 1574 'scrupulum
395 1523 400 1530 ·
409 1511 503 1562 Pudet
513 1523 556 1562 nne
565 1515 606 1562 ric
618 1517 707 1562 tecum
718 1511 803 1575 loqui,
814 1519 842 1562 et
853 1519 908 1563 tarn
920 1513 1033 1565 levibus

205 1613 207 1616 ψ
229 1575 360 1628 ‘remediis
371 1582 400 1628 te
410 1577 549 1630 focillate.
576 1569 624 1646 ll.
642 1577 721 1643 Alius
733 1578 821 1638 dieat,
834 1580 963 1630 Fortasse
975 1578 1034 1633 hoc

230 1658 286 1695 non
296 1645 399 1716 reniet:
414 1650 445 1695 iu
457 1645 513 1708 dic,
529 1643 600 1706 Quid
610 1659 704 1710 porro,
715 1645 740 1694 si
751 1646 860 1696 renictl
872 1646 1033 1700 videbimus

231 1711 324 1763 utrum
339 1712 445 1763 veniet:
461 1713 580 1765 fortasse
594 1725 645 1776 pro
661 1712 825 1774 arereniet,
842 1718 872 1763 et
886 1727 961 1764 mors
973 1715 1035 1768 ista

232 1781 317 1842 ritem
328 1778 496 1856 honestabit.
532 1781 629 1840 Cicuta
638 1779 922 1848 magnum-Socratem
935 1786 1034 1838 conle-

139 1873 149 1882 ·
232 1848 282 1900 cit:
297 1847 395 1900 catoni
409 1848 531 1918 gladium
549 1853 715 1900 assertorem
732 1848 1033 1918 libertatisextorque‚

198 1915 201 1960 ’.
232 1919 360 1982 magnam
372 1916 644 1982 partem-detraxeris
655 1916 771 1982 gloriae.
806 1915 928 1970 Nimium
939 1917 987 1969 diu
1002 1929 1033 1972 te

206 1991 208 2001 ¹
231 1981 378 2045 cohortor,
396 1983 480 2054 quum
497 1984 868 2054 tibindmonitionemagls,
889 2001 969 2052 quam
980 2002 1030 2038 ex-

232 2049 395 2104 hortatione
410 2069 480 2126 opue
493 2055 539 2106 sit.
575 2053 637 2106 Non
654 2055 683 2105 in
701 2053 838 2108 diversum
854 2062 883 2107 te
898 2069 915 2104 a
930 2061 1033 2106 natura

230 2124 281 2171 tua
293 2121 428 2172 ducimus:
443 2130 524 2176 natus
532 2137 562 2175 es
572 2122 608 2175 ad
618 2123 674 2174 ista
685 2139 754 2190 quae
765 2123 888 2174 dicimus.
925 2120 964 2172 15.
985 2123 1031 2174 Eo

232 2189 435 2252 magis-bonum
448 2197 523 2242 tuum
535 2205 615 2258 auge,
626 2197 654 2240 et
665 2204 778 2242 exorna.
800 2189 868 2241 *Sed
879 2191 933 2240 ianr
946 2189 1031 2240 tinem

206 2319 213 2326 ν
233 2255 370 2320 epistolae
380 2255 492 2319 facium,
504 2259 530 2308 s'i
539 2259 580 2308 illi
591 2262 698 2322 signum
710 2271 789 2306 suum
801 2256 983 2321 impressero:
1000 2259 1033 2309 id

232 2326 290 2383 ost,
313 2321 433 2387 aliquam
443 2325 620 2390 magnificam
632 2337 729 2374 rocem
745 2321 934 2388 perferendam
950 2326 986 2375 ad
1000 2333 1032 2378 te

233 2389 411 2440 mandavero.
447 2393 541 2451 „inter
551 2397 645 2441 cetera
657 2390 744 2449 aiala,
757 2389 813 2440 -lsoc
824 2406 934 2457 quoque
944 2391 1033 2444 habet

232 2455 354 2506 stultitia
369 2458 523 2522 proprium,
544 2471 652 2520 semper
665 2458 765 2522 incipit
777 2457 898 2511 virere.“
934 2462 1034 2512 Consi·

234 2523 301 2580 dere
313 2521 377 2588 quid
388 2522 510 2592 reuicta
519 2525 663 2590 significet,
679 2525 772 2576 Lucili
781 2526 902 2578 virorum
914 2532 1031 2594 optime:

233 2595 264 2642 et
273 2591 415 2661 intelligor
426 2603 506 2658 quam
517 2591 645 2643 foedarit
658 2590 798 2654 homiuum
809 2595 922 2653 levitas,
938 2595 1036 2664 quoti?

233 2656 279 2712 dio
294 2671 365 2712 nova
381 2661 457 2714 citae
474 2659 655 2734 laudamento
669 2659 841 2732 ponentium,
861 2677 946 2718 nores
964 2667 1032 2734 epos
