2112 3184
221 195 274 252 llo
511 191 730 250 SENECAE

219 312 379 378 smbiticnl3
390 325 486 365 omues
497 312 601 363 timori.
637 311 716 363 Dabo
728 308 911 372 consularem,
920 309 1014 362 anicu-

218 385 264 436 lsc
275 383 452 444 servientem
473 379 545 432 dabo
556 379 706 432 ancillulae
721 377 850 430 divitem:
869 377 1013 430 ostendam

217 449 408 502 nobilissimos
417 450 530 501 iuvenes
540 448 681 514 nrancipia
691 445 939 500 Pantomimesum.
952 447 1013 498 b'ul·

218 519 247 571 la
256 519 375 571 servitus
382 515 491 582 turpior
501 523 557 578 est,
568 529 650 582 quam
661 513 825 567 voluntaria
854 515 950 578 Quare
961 533 1011 568 non

218 592 260 638 est
293 584 349 636 uod
359 584 502 637 fastidiosi
512 591 541 638 te
552 583 724 644 deterreant,
746 581 905 651 quominus
927 587 1012 637 servis

218 655 276 705 tuls
297 653 406 720 ,iterem
417 659 446 704 te
457 657 631 718 praesecaret
642 665 696 702 nou
707 651 823 717 superbe
833 651 1010 718 superiorem.

219 721 262 774 lo.
279 721 378 772 Colunt
387 721 524 788 potiuste,
536 733 617 786 quam
628 720 754 772 timeant.
789 718 874 772 Dicet
884 723 958 771 nunc
968 723 1011 772 ali·

187 807 190 816 ·
217 788 287 856 quis,
298 803 342 841 me
352 802 454 841 vocare
465 789 501 840 ad
513 788 616 856 pileum
628 801 737 850 servos,
754 793 783 840 et
792 787 920 840 dominos
931 789 966 839 (lc
976 789 1011 839 la·

216 859 301 924 stigio
317 871 369 910 suo
386 857 520 918 deiicere,
536 858 607 926 quod
620 855 691 918 elixi,
712 855 910 923 colsutpotius
926 855 1009 909 donni·

218 941 297 988 num,
313 940 393 994 quam
406 925 532 977 timeant.
568 925 661 986 ltaue,
676 923 782 991 inquit,
797 938 912 991 prorsus
923 927 1011 977 colant

217 1001 347 1060 tanquam
360 993 484 1056 clientes,
498 999 631 1060 tanquam
644 991 830 1044 salutatoresl
845 993 913 1060 lloc
919 997 965 1058 qui
976 995 1010 1044 di·

217 1061 301 1123 xerit‚
313 1061 501 1124 obliviscetur,
509 1061 539 1112 id
551 1061 670 1113 dominis
679 1075 775 1128 parum
786 1075 857 1122 esso,
870 1062 944 1128 quod
956 1065 1009 1116 Deo

218 1131 286 1180 sutis
303 1136 359 1191 est,
376 1130 423 1196 qui
439 1129 544 1182 colitur
558 1136 587 1182 et
602 1135 718 1182 ametur.
754 1128 816 1181 Non
832 1132 928 1196 potest
938 1145 1009 1182 amor

218 1212 281 1248 mm
295 1198 526 1252 timoremisceri.
564 1195 606 1251 1⁷.
624 1197 790 1251 Rectissime
801 1211 868 1266 ergo
880 1205 909 1252 te
924 1199 1008 1251 facere

218 1267 331 1330 iudico,
346 1267 420 1333 procl
433 1267 523 1320 timeri
538 1266 653 1320 aser-vis
666 1269 723 1318 tuis
739 1281 792 1318 non
802 1269 858 1329 via,
873 1268 947 1334 quod
958 1284 1008 1320 scr-

218 1334 318 1388 borum
332 1336 519 1401 castigatione
536 1337 633 1388 uteris.
680 1333 849 1388 Verberibus
872 1343 950 1388 nsuta
969 1337 1007 1388 od-

218 1410 378 1455 monentur:
390 1419 443 1455 non
455 1403 585 1472 quidquid
596 1417 646 1456 ntes
658 1401 784 1465 offendit,
795 1409 824 1454 et
832 1403 931 1456 locuit.
959 1405 1007 1458 Scd

218 1471 254 1520 ad
271 1471 376 1523 rabiem
393 1479 496 1539 cogunt
510 1473 605 1524 venire
615 1471 747 1534 deliciae,
767 1477 799 1522 ut
811 1473 945 1538 quidquid
960 1491 1008 1524 non
1028 1511 1029 1514 ,

218 1552 253 1588 er
263 1537 406 1591 voluntate
416 1541 573 1604 respondit,
594 1541 663 1591 iram
675 1544 780 1592 evocat.
817 1541 922 1608 Regum
934 1545 1006 1594 nobis

216 1603 357 1656 induimus
373 1607 496 1657 animos:
518 1621 580 1658 nam
596 1607 639 1660 illi
655 1622 763 1676 quoque
778 1607 862 1662 obliti
872 1619 901 1662 et
911 1611 1005 1662 virium
1027 1633 1028 1654 1

216 1685 344 1732 suarum,
360 1677 388 1723 et
397 1671 600 1726 imbecillitatis
611 1675 733 1740 alienae,
748 1676 788 1729 sic
800 1677 1007 1742 excandescunt,
1027 1657 1028 1707 ¹

216 1741 258 1792 sic
267 1740 408 1802 saeviunt,
420 1742 499 1806 qussi
508 1742 635 1798 iniuriam
646 1745 819 1810 acceperint:
858 1745 899 1798 18.
909 1764 927 1799 a
937 1749 1008 1800 cuius

215 1809 257 1862 rei
276 1807 399 1875 periculo
420 1807 486 1860 illos
500 1808 630 1864 fortunae
646 1826 713 1864 strae
729 1813 894 1878 magnitudo
910 1819 1010 1868 tutissi-
1026 1797 1027 1838 ¹

215 1891 276 1928 moa
299 1881 432 1944 praestet.
467 1877 526 1930 Nec
540 1877 593 1931 boc
606 1880 751 1949 ignorant,
771 1881 822 1933 scd
837 1884 1011 1937 occasionem
1025 1899 1026 1970 l

214 1945 334 1998 nocendi
343 1951 464 2013 captent,
475 1947 646 2014 quaerendo:
658 1955 823 2016 acceperunt
832 1951 972 2016 iniuriam,
982 1965 1010 2004 us

215 2013 349 2067 lacerent„
384 2015 498 2080 Diutius
511 2021 540 2070 te
551 2017 656 2070 morari·
665 2018 744 2069 nolo:
756 2027 866 2071 nonest
877 2025 949 2074 enim
961 2023 1012 2074 tibi

216 2083 413 2147 exhortatione
434 2098 511 2152 opus.
546 2087 610 2140 Hoc
630 2084 733 2139 babent
748 2088 822 2140 inter
837 2094 932 2146 cetera
946 2091 1011 2142 boni

213 2165 316 2216 mores,
327 2154 438 2220 placent
448 2154 515 2218 sibi,
525 2161 554 2215 et
563 2161 737 2224 permanent:
757 2155 827 2208 loris
838 2165 882 2212 est
893 2161 1008 2222 malitia,
1021 2107 1024 2232 1

214 2235 298 2287 saepe
304 2227 446 2290 'mutaturr
457 2238 512 2275 nou
523 2224 552 2276 in
562 2225 669 2288 melius,
681 2224 865 2280 codicellum
917 2228 920 2232 ’
1022 2239 1023 2246 ’

400 2323 646 2380 EPISTOLA
682 2325 828 2382 xnvlrr.

214 2402 530 2463 metamaucensium
547 2415 572 2454 et
578 2413 680 2456 alterum
688 2410 852 2456 alteri-utilem
864 2427 922 2460 ests.
952 2416 989 2459 Tu

244 2463 326 2500 contra
338 2461 519 2514 captiunculas,
535 2467 675 2521 etspinesss
685 2466 799 2524 ineptiae
828 2469 892 2518 Quia
900 2471 995 2529 fucitis

133 2518 137 2522 ·
243 2512 301 2568 poili
308 2512 409 2556 incditist
428 2517 455 2558 dc
464 2517 517 2560 sita
527 2520 624 2572 agitare
633 2534 753 2575 uoeurrs,
764 2529 787 2567 et
792 2522 884 2582 fumea.
915 2527 988 2584 Dsfo

242 2573 315 2610 utun:
325 2573 408 2610 contra
417 2581 467 2612 tom
476 2573 506 2614 clu
515 2586 589 2617 ortuo.

265 2635 307 2688 Ad
324 2637 469 2703 epistolam
487 2654 568 2705 quam
584 2641 654 2696 mibi
665 2659 699 2697 ex
710 2647 812 2701 itinere
822 2649 941 2714 misisti,
952 2657 984 2700 ta

213 2705 333 2772 longam,
343 2719 424 2776 qnam
433 2705 522 2775 ipsum
533 2709 588 2765 iter
598 2711 662 2779 luit,
673 2723 773 2785 postea
782 2719 944 2772 rescribam.
966 2718 986 2770 S
