2136 3192
132 197 136 208 ·
204 143 215 159 ’
284 141 655 249 ιιιιιτοηιιιι.
758 153 869 254 ’,ιι
925 141 931 178 ³

75 290 187 388 hahens·
195 303 221 356 si
231 303 267 374 nd
278 306 354 389 iilum
364 297 498 364 summam
509 327 672 394 pervenero,
692 321 760 388 tunc
768 327 814 370 ors
823 295 866 370 ιιι-ι

77 377 135 426 tuos
144 374 337 442 philosophiae
350 377 430 433 dato.
465 384 550 450 Atqui
561 383 630 437 aihll
639 389 715 454 prius
726 401 807 456 quant
818 387 873 442 hoa

76 443 224 511 parandum
236 449 293 496 est:
308 447 389 516 ,quod
399 454 429 499 tu
439 446 542 514 differs,
559 459 663 520 etpost
674 463 767 510 cetera
776 471 870 524 paras,

64 513 111 564 ab
121 509 171 564 hoc
180 513 369 580 incipiendum
382 521 433 568 est
468 517 494 570 5.
511 519 621 587 Parare,
631 523 733 592 inquis,
748 523 820 579 unde
828 527 871 580 vi·

76 591 146 644 vam,
155 581 231 633 volo.
267 579 358 636 Simul
368 593 397 637 et
408 599 508 654 parare
519 589 602 642 disce.
635 590 665 644 Si
676 594 742 659 quid
751 600 780 649 te
791 600 870 648 vetat

75 645 145 702 hene
158 649 266 713 vivere,
286 651 356 704 bene
372 658 444 707 rnori
461 671 515 707 non
530 663 617 711 vetat.
654 660 717 712 Non
732 663 869 730 estquod

74 725 221 788 paupertas
232 733 310 772 noea
320 719 496 790 philosophia
505 733 627 790 revocet,
646 744 681 782 ne
692 736 801 796 egestas
811 733 870 798 qui-

76 787 150 840 derh:
169 787 315 862 toleranda
329 797 372 842 est
387 794 458 843 enim
474 793 510 844 ad
527 791 579 847 hoc
595 797 808 864 properantibus
824 799 870 852 rel
901 817 908 828 ⁸
963 847 966 854 .

74 856 170 918 lantes,
181 869 264 924 quant
276 857 434 914 toleravere
444 862 557 930 quidam
567 866 596 919 iu
608 866 809 922 obsidionibus.
832 867 871 920 us

75 925 146 992 qnod
157 924 234 976 aliud
245 933 305 980 erat
314 927 390 980 illius
402 931 552 998 patientioe
562 935 725 1000 proemium,
748 937 870 1006 quanin
957 987 964 996 ,
984 961 988 968 ·

74 993 283 1075 arbitrium'nnn
296 995 394 1050 eadere
403 999 870 1070 victorisifluantohoonraiusest,

73 1067 597 1144 quo-promittrtprperpetualiberta's,
617 1073 734 1138 nullius,
752 1089 804 1127 nec
818 1071 870 1128 hu·
945 1101 949 1108 ·

16 1187 20 1206 ‚
73 1133 170 1194 nrinrs,
191 1146 243 1183 nec
254 1131 308 1184 Dei
322 1134 424 1189 timori
444 1137 481 1194 Et
496 1140 606 1205 quidem
622 1143 667 1196 vel
682 1143 817 1196 esurienti
830 1141 869 1196 ud
902 1181 908 1190 .

71 1201 127 1254 ista
139 1199 301 1254 veniendum
311 1210 370 1272 esi.
386 1203 389 1212 '
405 1205 431 1258 d.
449 1205 578 1274 Perpessi
593 1217 657 1262 sunl
671 1214 813 1266 exereitus
826 1213 869 1264 iu·

72 1269 162 1338 opionr
175 1269 295 1322 omniurn
306 1286 409 1336 rerum,
421 1274 550 1328 vixerunt
559 1277 708 1330 herbarum
720 1277 870 1341 radicibus,

71 1348 100 1394 et
115 1339 297 1392 dictu.foedis
312 1341 438 1393 tulerunt
453 1341 564 1396 lumem.
583 1339 778 1406 'llaeconnnia
789 1347 868 1414 possi

69 1415 134 1462 sunt
143 1421 194 1475 pro
202 1423 296 1478 ¹reguo
305 1410 369 1477 (quo
380 1410 469 1479 tnagis
480 1411 713 1478 mireris)alieno:
725 1415 867 1470 dubitabit

69 1479 169 1549 aliquis
179 1476 254 1532 lerre
264 1485 472 1547 paupertatem,
492 1489 525 1534 ut
539 1482 663 1536 animum
680 1485 820 1539 furoribus
831 1484 870 1542 ll·.

67 1547 166 1602 hereti
187 1547 249 1600 Non
265 1554 309 1601 est
323 1561 389 1616 ergo
404 1550 482 1618 prius
497 1553 703 1621 acquirendum.
737 1554 819 1609 Licet
829 1553 868 1608 ad

68 1615 273 1700 philosophiam
291 1619 372 1672 etiam
389 1619 560 1675 sinesiatico
572 1624 724 1690 pervenire.
759 1625 868 1687 ltaest,

67 1701 154 1812 perum
165 1687 260 1739 ornnia
271 1683 480 1753 habueris‚tonc
490 1698 520 1743 et
528 1693 693 1760 sapientiam
706 1691 808 1749 hahere
818 1707 867 1746 vo-
957 1713 961 1726 ι

79 1773 120 1812 es.
155 1757 235 1810 Haec
246 1755 302 1810 erit
312 1755 441 1811 ultimum
452 1761 763 1828 vitae-instrumentum,
783 1769 814 1816 et
823 1765 869 1831 (ut

67 1829 109 1882 its
119 1823 223 1892 dicam)
233 1826 462 1900 additamentum.
489 1831 534 1882 Tu
544 1846 622 1897 sero,
633 1833 691 1886 sive
701 1831 808 1902 aliquid
820 1830 869 1884 ha·

67 1897 127 1963 hes,
138 1897 194 1954 ism
205 1895 414 1968 philosophare:
430 1898 504 1954 unde
514 1901 586 1952 eninr
598 1902 663 1966 sois,
672 1915 707 1953 an
718 1903 772 1954 iarn
786 1899 868 1955 uiniis

68 1965 190 2022 habeas!
200 1966 404 2032 siveniniihoc
414 1967 493 2037 prius
504 1981 614 2036 quaere,
620 1983 701 2036 quem
707 1969 868 2037 quidquam.

66 2039 94 2098 l·
108 2038 145 2094 nt
155 2038 314 2103 necessaria
324 2037 449 2093 deerunt.
470 2039 606 2092 'Priorum
617 2037 714 2090 deesse
725 2051 780 2088 non
790 2041 869 2102 pote·

65 2112 146 2172 mot,
163 2107 492 2176 quiensturooriuinnurn
503 2108 588 2174 petit:
608 2109 869 2160 naturnosutesnss

65 2179 181 2247 sapiens
196 2173 405 2238 accommodae
433 2173 491 2230 Sed
509 2175 534 2228 si
552 2177 732 2230 necessitates
750 2173 868 2228 ultimas

63 2246 225 2310 inciderint,
235 2243 396 2299 iamdudum
408 2243 519 2300 exsiliet
531 2261 546 2300 s
557 2243 624 2310 rita,
630 2249 659 2299 et
669 2244 801 2298 molestus
811 2243 868 2299 sihi
885 2243 890 2254 “

64 2317 130 2369 esis
146 2315 266 2370 desinet.
301 2313 331 2368 Si
349 2331 417 2370 sero
432 2316 561 2384 exiguum
577 2309 662 2369 luerit
672 2320 867 2386 etangusturo,

64 2399 123 2454 quo
135 2387 297 2458 possitritn
306 2385 437 2454 producis
454 2384 485 2438 id
496 2386 563 2439 boni
575 2381 709 2451 consulet,
729 2399 780 2440 neo
789 2383 867 2440 nitra

63 2454 228 2510 necessaria
242 2455 369 2508 solicitus
383 2461 434 2508 aut
450 2456 561 2518 aniius,
583 2457 674 2512 renisi
694 2461 724 2510 ci
743 2453 868 2523 scapulis

62 2537 145 2577 suum
158 2523 271 2587 reddet,
289 2531 318 2578 et
328 2523 525 2592 occupationes
536 2525 661 2590 divitum,
676 2526 867 2580 concursatio·

61 2605 171 2662 resque
183 2593 221 2644 ad
233 2591 346 2647 divitias
357 2595 497 2660 euntium,
516 2611 630 2649 securos
638 2596 784 2662 lectusque
794 2593 867 2646 ride·

60 2661 115 2729 hit,
125 2660 161 2716 ac
175 2661 266 2715 diceet
294 2658 319 2715 8.
331 2663 405 2730 Quid
416 2663 446 2716 in
454 2663 570 2732 longum
581 2666 640 2731 ipse
650 2671 679 2716 te
689 2661 802 2715 differsi
819 2671 867 2713 sx-

60 2731 246 2806 spectaisisoe
257 2729 382 2788 foenoris
398 2739 556 2806 quantum,
565 2739 627 2800 ,aut
638 2745 675 2785 ex
688 2743 780 2784 merce
793 2741 868 2782 eona·
895 2769 908 2805 ¹.
