2136 3192
193 197 228 250 rt
402 169 410 178 '
481 187 698 244 sannone

194 313 338 381 Snplentls
347 309 453 366 ars'est.
477 311 589 365 Certum
600 313 688 379 petat:
700 306 786 376 eligat
795 304 982 388 proleetnrosr

192 385 228 434 ab
238 382 280 432 his
290 398 358 448 quos
369 383 548 448 desperarit,¹
558 381 685 432 reeedatr
705 393 759 428 non
769 382 861 427 tamen
871 382 927 426 cito
937 389 980 426 re-

191 448 311 514 linqunt,
331 451 380 500 sed
396 452 424 501 in
439 453 501 515 ipsa
515 447 708 516 desperatione
724 451 847 498 extremo
861 441 984 497 remedio

190 521 305 573 tentet„
328 517 353 565 3.
372 519 564 570 Marcellinum
585 523 708 568 nostrunr
730 528 782 578 ego
799 512 919 561 nondunr
936 511 983 562 de·

190 595 282 646 spero.
304 581 468 636 Etiamnunc
479 581 699 650 serrori‘potest:
710 582 758 632 sed
770 581 794 629 si
806 582 861 630 rito
872 579 913 630 illi
924 593 984 630 nra·-

190 653 243 766 {ius
254 649 431 768 porhigstuhl
445 651 496 702 Est
505 653 614 732 quidem
625 649 787 732 perieulunr,
798 662 834 764 net
841 647 985 764 porrdigon.

192 723 374 835 tgffdghisaih
389 732 510 850 parzguhh.
519 721 731 837 mlhllilhtildffifnndd
739 730 827 833 ἳὲίζῗ)
841 729 898 833 hdr}
912 728 985 846 ριεῗιη

193 851 299 912 tulum,
319 857 348 902 et
361 853 468 902 sedebo
483 852 526 902 illi
541 854 614 906 mele
631 867 680 904 sua
701 850 854 903 ostendere.
889 849 988 902 Faciet

193 919 269 984 qnod
282 918 367 969 solet:
379 918 526 970 edvoesbit
536 919 600 968 illos
609 918 812 989 lausdunense
822 917 907 968 risunt
918 932 986 969 ero·

108 1007 114 1014 ·
193 1001 257 1038 cere
269 986 426 1052 lugentibus
438 993 565 1051 possunt:
588 990 617 1036 et
627 987 653 1034 in
665 1001 694 1035 se
706 985 837 1050 primurn,
848 984 946 1036 deinde
957 985 988 1036 in

190 1067 243 1106 nos
255 1055 404 1104 locabitur:
427 1054 521 1104 ornnia
532 1067 602 1119 quae
614 1052 738 1102 dicturus
749 1066 819 1114 sum,
830 1052 988 1116 occupabit,

190 1119 220 1170 d.
238 1119 413 1171 Scrutabitur
421 1119 532 1171 seholes
542 1127 667 1181 nostras,
687 1124 716 1170 et
734 1119 844 1170 obiiciet
861 1119 987 1184 philoso-

190 1185 254 1306 phis
265 1187 419 1253 congiaria,
430 1189 546 1250 amicae,
557 1188 664 1256 goloni:
686 1187 813 1238 ostendet
824 1187 890 1236 nrihi
900 1187 989 1240 alium

206 1271 221 1305 n
234 1255 385 1317 adulterio,
399 1255 485 1307 aliurn
496 1255 651 1324 in‘popina,
662 1255 746 1306 alium
758 1255 788 1304 in
798 1254 876 1304 auls:
894 1261 990 1306 osten·

189 1321 243 1374 det
252 1322 319 1374 nrihi
331 1324 450 1388 lepidum
462 1324 654 1391 philosophum
667 1323 834 1384 Aristonem,
846 1322 895 1388 qui
903 1322 932 1372 in
941 1337 992 1390 ge.

188 1391 315 1450 statione
335 1392 499 1444 disserebat.
535 1395 597 1444 lloc
613 1391 684 1444 enini
700 1390 735 1440 ed
751 1389 871 1442 edendos
887 1403 990 1454 operas

191 1463 301 1524 tempus
318 1466 473 1526 exceperat.
508 1461 551 1512 De
570 1461 647 1512 euius
664 1466 740 1509 serta
751 1473 832 1522 quurn
843 1473 992 1525 quaerere-

191 1530 252 1581 tin.
273 1524 392 1578 Scaurus
407 1528 459 1578 ait:
481 1562 499 1588 ,‚
507 1527 607 1592 Utique
620 1527 823 1590 Peripateticus
839 1541 892 1576 non
909 1532 990 1578 est.“

192 1591 221 1644 5.
238 1591 282 1642 De
302 1593 398 1644 eodem
419 1608 502 1659 quunr
518 1594 711 1644 consuleretur
726 1593 811 1643 lulius
827 1593 992 1658 Graecinus,

191 1657 237 1708 vir
248 1659 385 1724 egregius,
406 1660 470 1726 quid
481 1662 610 1713 sentiret:
632 1661 715 1726 „Non
731 1667 870 1726 possum‚“
892 1664 993 1729 inquit,
1051 1699 1052 1704 ,

142 1791 147 1796 ᾖ
192 1725 268 1790 „tibi
288 1726 388 1780 dicere.
424 1727 525 1780 Nescio
548 1731 621 1780 eninr
641 1728 705 1795 quid
723 1727 756 1780 de
772 1729 860 1794 gradu
876 1729 993 1782 iaciat.“

192 1799 326 1860 tanquam
339 1795 373 1848 de
385 1797 526 1850 essedario
537 1799 766 1864 interrogaretur.
786 1798 847 1848 llos
858 1797 925 1848 mihi
937 1799 994 1849 rir-

194 1859 350 1926 oulatorns,
365 1866 410 1932 qui
422 1863 623 1932 philosophiam
636 1865 779 1916 honestius
790 1865 996 1931 neglexissent,

194 1943 278 1996 quant
293 1931 429 1995 rendunt,
449 1933 478 1984 in
489 1931 588 1986 leeienr
598 1933 716 1999 ingeret.
751 1933 776 1984 d.
797 1934 937 1985 Constitui
949 1939 995 1984 ta·

193 2009 260 2050 rnen
275 2003 458 2054 contumelias
473 2003 590 2068 perpeti.
625 2001 740 2054 Movent
754 2001 801 2052 ille
813 2001 880 2052 inihi
891 2001 996 2054 risumr

195 2080 249 2133 ego
262 2065 381 2121 fortasse
391 2070 434 2121 illi
444 2070 574 2123 lacrimas
584 2071 712 2125 ntorebo:
723 2074 780 2131 aut,
793 2069 816 2119 ri
826 2069 919 2122 ridere
929 2085 996 2135 per·

193 2139 343 2198 serenabit,
349 2139 484 2203 gaudebo,
492 2147 620 2206 tanquam
631 2139 659 2190 in
670 2137 838 2203 malis,quod
849 2137 891 2187 illi
903 2151 999 2203 genus
1050 2163 1051 2198 3

192 2203 323 2321 insaniae
333 2205 423 2258 hilare
434 2199 595 2272 eontigerit.
619 2205 672 2258 Sed
684 2221 738 2256 non
749 2211 791 2258 est
801 2205 851 2255 illa
861 2203 997 2256 hilaritas
1050 2213 1051 2230 ¹

209 2281 290 2333 ongs.
315 2267 447 2331 Observa,
458 2275 566 2326 ridebis
578 2275 688 2328 eosdem
700 2277 773 2324 intro
784 2276 913 2337 exiguum
926 2277 998 2324 tenr-

195 2346 249 2400 pus
261 2335 394 2389 uterrinre
405 2338 505 2398 ridere,
517 2347 545 2392 et
556 2341 689 2391 ooerrirne
700 2340 807 2392 rubere.
842 2341 868 2390 7.
887 2339 998 2404 Propo·

194 2399 283 2453 situm
296 2407 340 2452 est
351 2405 466 2469 aggredi
476 2405 570 2468 illurn,
591 2412 620 2456 et
636 2408 781 2458 ostendere
793 2411 898 2472 quanto·
907 2407 999 2471 pluris

195 2466 295 2530 tuerit,
315 2482 398 2533 quum
412 2469 509 2522 multis
523 2472 636 2522 minoris
652 2473 802 2524 rideretur.
837 2472 916 2526 vitio
926 2478 1000 2536 eius,

196 2535 384 2588 etiamsinon
396 2536 535 2600 excidero,
545 2539 682 2592 inhibebo.
717 2540 781 2591 Non
792 2542 928 2606 desinent,
949 2541 1001 2595 sed

195 2603 398 2656 intermittent:
419 2603 538 2657 tortasse
550 2613 641 2659 sutem
659 2615 687 2659 et
704 2607 845 2674 desinent,
866 2611 891 2662 si
906 2612 999 2664 inter·

196 2671 329 2728 mittendi
339 2673 565 2731 consuetudinem
575 2675 699 2732 fecerint.
717 2677 778 2730 Non
791 2684 834 2730 est
845 2678 1000 2748 hoeipsunr
1049 2725 1050 2734 ,
