2136 3192
222 183 259 236 80
511 174 725 230 SENECAE

221 313 283 352 rum
304 299 347 350 est
367 294 479 348 obdere.
514 293 652 346 Firmiore
666 292 849 357 spissamento
871 303 944 356 opus
965 299 1022 354 est,

221 381 303 434 quom
322 379 402 416 usum
423 363 451 414 in
464 363 548 414 sociis
565 363 692 427 Ulyssem
706 360 809 411 ierunt.-
842 360 868 410 2.
887 359 941 412 llis
961 376 1020 413 vox

220 447 291 502 quoe
312 433 477 493 timebatur,
498 435 560 482 erat
578 429 696 490 blanda,
716 435 876 480 nontamen
893 428 1019 491 publico:

219 509 249 554 ot
259 502 327 552 haec
337 516 408 568 quse
422 497 544 552 timendo
555 503 613 560 est,
634 511 688 548 non
698 510 732 547 ex
743 511 805 562 uno,
814 495 945 560 scopulo,
965 497 1018 549 sed

220 583 254 622 ex
265 571 341 621 omni
349 576 488 622 terrorum
499 575 579 633 parte
590 567 785 629 circumsonet.
820 561 1018 616 Praetervehe-

218 652 249 688 re
263 637 360 704 itaque
375 651 430 688 non
445 651 531 687 unum
546 635 638 686 locum
652 632 787 684 insidiose
806 631 951 696 voluptate
972 648 1018 684 su·

219 710 354 770 spectum,
370 706 419 754 sed
432 719 526 752 omnes
538 703 634 766 orbes:
656 701 769 754 surdum
779 707 809 750 te
818 701 1018 752 amantissimis

219 773 261 825 tui
274 776 394 838 praesta.
428 768 507 818 Bono
519 766 612 816 animo
622 769 694 819 mole
705 773 864 832 precantur.
887 768 925 818 Et
936 769 962 820 si
973 770 1017 819 vis

219 855 281 892 esse
291 838 373 898 felix,
393 836 460 886 deos
472 847 536 894 oro,
556 847 590 884 ne
602 831 666 898 quid
677 831 731 884 tibi
742 851 776 886 ex
786 833 830 886 his
840 849 909 900 quae
920 842 1019 902 optan-

219 915 267 958 tur
277 907 394 956 eveniet.
427 901 453 952 3.
471 900 534 950 Non
545 906 609 951 sunt
621 901 676 952 isto
686 900 775 963 boue,
796 917 867 967 quae
883 904 911 954 io
928 911 957 956 te
968 905 1018 956 isti

220 976 315 1026 uolunt
326 970 450 1036 congerit
470 983 555 1018 unum
564 970 665 1022 bonum
677 975 728 1030 est,
748 971 822 1035 quod
832 971 931 1022 bootes
941 974 1018 1024 ritae

219 1040 553 1095 cnussetfirmsmentnm
568 1043 625 1098 est,
646 1037 699 1090 sibi
714 1039 808 1090 fidere.
845 1039 907 1092 Hoc
923 1046 1016 1092 notem

219 1109 383 1172 contingere
394 1119 447 1154 non
459 1109 565 1170 potest,
586 1105 641 1156 nisi
652 1111 807 1162 contemtus
819 1112 860 1158 est
872 1107 968 1172 lobor,
990 1115 1018 1158 et

217 1179 247 1228 in
260 1189 355 1228 comm
365 1188 481 1225 numero
493 1172 614 1235 habitos,
625 1188 694 1240 quse
706 1190 796 1241 neque
805 1177 879 1227 bona
890 1179 1017 1238 suntme·

217 1259 271 1312 que
287 1244 370 1295 mols.
406 1241 481 1294 Fieri
496 1244 568 1295 enim
580 1256 634 1294 nou
644 1247 750 1312 potest,
771 1249 922 1298 utunsres
932 1246 1018 1297 modo

217 1313 349 1374 melesii,
362 1310 445 1365 modo
456 1311 543 1362 boon:
555 1311 639 1362 modo
650 1311 719 1360 levis
731 1311 759 1362 e't
769 1312 943 1376 perferenda,
952 1327 1017 1364 rno-

218 1381 255 1434 ‹lo
280 1379 500 1446 expavescendo.
536 1379 631 1430 Labor
652 1379 752 1430 bonum
776 1384 904 1432 nonest.
940 1380 1018 1440 Quid

218 1463 285 1514 ergo
301 1453 346 1500 est
361 1446 483 1499 bonomi
502 1446 607 1498 loboris
626 1448 788 1499 contemtio.
822 1446 848 1499 4.
866 1447 966 1514 ltaque
988 1450 1017 1500 in

217 1531 318 1566 venum
329 1528 464 1581 operosos
475 1514 653 1578 culparer-im.
685 1513 791 1566 Rursus
801 1515 837 1566 nd
848 1515 967 1568 honesto
976 1519 1019 1568 ni·

215 1589 317 1643 tentes,
328 1587 431 1647 quonto
443 1583 531 1646 magis
542 1581 871 1650 incubuerint,minusquc
882 1585 1018 1642 ninivitis

218 1661 385 1714 consurgere
397 1647 745 1713 permiserinnadmirnbor
755 1653 928 1706 etolsmabo:
939 1655 1016 1706 Tao-

127 1749 134 1753 -
217 1725 248 1770 to
258 1717 368 1778 melior,
390 1729 473 1782 surge
484 1723 513 1768 et
524 1716 640 1784 inspiro,
661 1725 690 1772 et
700 1719 800 1774 clivum
811 1721 893 1773 istum
905 1737 973 1786 uno,
995 1724 1020 1773 si

217 1792 307 1854 potos,
319 1785 419 1850 spiritu
430 1787 577 1851 exsupero!
589 1787 748 1840 Generosos
760 1790 865 1841 animos
876 1789 958 1842 labor
970 1808 1022 1842 nn·

115 1861 118 1869 “
217 1855 277 1908 trit.
313 1853 434 1906 Nonest
450 1869 516 1922 ergo
533 1855 606 1921 quod
621 1869 658 1908 cx
673 1858 723 1908 illo
735 1859 824 1910 veteri
835 1865 900 1910 voto
914 1873 1020 1925 poren-

218 1931 277 1976 tum
288 1927 399 1974 tuorum
411 1921 512 1989 eligas,
534 1924 600 1990 quid
611 1926 770 1992 contingere
782 1927 832 1978 tibi
844 1927 926 1989 velis,
947 1929 1022 1994 quid

214 1999 312 2058 optes:
334 1991 401 2043 etin
412 1995 512 2054 totum,
532 1995 587 2044 ism
596 2007 646 2060 per
656 1995 776 2046 maximo
787 2002 849 2046 neto
859 1998 920 2046 viro
931 2003 1023 2062 turpe

219 2067 276 2123 est,
297 2060 453 2112 etiamnunc
469 2059 537 2112 deos
554 2061 681 2130 fatigare.
717 2061 742 2115 5.
761 2064 834 2126 Q’uio
849 2065 924 2116 votis
946 2080 1024 2130 opos

218 2130 279 2184 esti
297 2130 381 2182 facte
393 2133 452 2196 ipsc
463 2130 582 2183 felicem.
618 2130 716 2184 Facies
733 2138 839 2193 notem,
860 2132 886 2183 si
901 2133 1024 2187 intelle-

218 2199 295 2252 xeris
311 2200 384 2248 bono
395 2213 468 2260 esse,
490 2200 588 2264 quihus
600 2199 721 2252 admixta
732 2206 775 2254 est
787 2202 888 2254 virtus:
911 2206 1025 2269 turpio,

219 2267 318 2330 quibus
333 2266 440 2318 niolitio
455 2268 604 2318 coniuncto
614 2274 665 2319 est.
702 2267 939 2330 Quemadmodum
954 2277 1026 2326 sine

218 2332 342 2384 mixtura
351 2333 422 2384 lucis
434 2331 501 2385 nihil
512 2335 683 2402 splendidum
695 2343 750 2388 est:
767 2337 834 2389 nihil
845 2342 946 2402 strunt,
960 2341 1027 2392 nisi

221 2398 295 2467 quod
305 2402 434 2451 tenebras
445 2403 591 2464 habenam
602 2403 706 2469 aliquid
716 2409 744 2460 in
756 2423 785 2462 se
795 2409 882 2458 trnxit
889 2409 1009 2460 obscuri
1019 2431 1027 2462 :

168 2522 174 2538 ι
219 2467 449 2534 quemadmodum
464 2470 525 2522 sine
540 2471 681 2527 adiutorio
695 2473 781 2540 ignis,
803 2473 872 2527 nihil
888 2475 1029 2530 calidum

218 2539 277 2596 est,
296 2535 366 2585 nihil
381 2534 441 2586 sine
458 2539 522 2588 aere
537 2538 744 2606 frigidorum
755 2543 870 2598 honeste
881 2551 909 2597 et
920 2547 1033 2612 turpio

216 2603 329 2654 virtutis
342 2607 370 2653 et
380 2605 506 2656 molitioo
514 2608 633 2660 societas
644 2609 736 2666 efficit.
768 2615 793 2668 6.
808 2613 882 2676 Quid
893 2629 964 2682 ergo
976 2625 1035 2668 est

217 2670 337 2726 bonum!
356 2685 448 2724 rerum
467 2675 594 2731 scientis.
628 2677 703 2741 Quid
720 2684 822 2737 malum
838 2682 900 2736 esti
920 2698 1036 2738 rerum
