2136 3192
190 171 196 180 ·
248 118 546 264 ,Εθιετριη
584 159 626 213 18.
771 103 853 234 fisa

43 321 125 363 causa
135 319 168 358 ae
178 301 312 354 festorum
325 293 430 354 dierum
441 289 547 342 restem
558 279 736 334 mutavimus.
753 285 757 294 ’
769 271 800 326 Si
810 276 840 324 te

43 383 113 432 bene
124 375 198 435 nuri,
205 366 303 420 arbitri
315 362 440 430 partibus
446 357 673 416 iunctus,necper
685 344 779 398 omnia
790 354 841 390 nus
900 327 910 335 ”

43 448 148 500 similes
159 455 220 494 esse
232 437 354 505 pileatae
367 427 463 480 turbae
474 423 618 480 voluisses,
627 432 678 468 nec
687 428 736 482 per
748 409 843 464 emnia

47 513 208 570 iissimiies:
232 505 287 558 nisi
301 502 379 553 sorte
391 495 434 548 his
446 492 567 546 mraxime
578 488 672 538 diebus
684 483 776 535 animo
787 480 841 530 im·

66 582 197 640 erundum
209 581 266 638 est,
282 579 314 624 ut
324 576 393 622 tunc
402 558 594 628 voluptatibus
606 555 680 606 solus
692 550 841 618 abstineat,

49 669 131 724 quum
148 651 178 700 in
192 647 257 698 illas
268 640 358 700 omnis
369 635 454 687 turba
462 625 618 698 procubuit.
653 620 844 672 Certissimum

49 723 240 792 argumentum
252 705 393 781 firmitatis
404 716 470 756 suae
483 698 573 764 capit,
585 695 608 744 si
619 690 654 742 ari
665 687 767 742 hianda
777 693 805 737 et
816 686 846 734 in

47 791 189 848 luxuriam
204 779 346 836 trahentia
362 776 412 826 fiee
423 773 460 834 it,
476 783 531 834 nec
547 761 706 814 abducitur.
741 752 848 806 &lice
879 759 885 764 ·

49 863 136 916 multo
145 855 250 910 fortius
262 854 313 912 est,
324 845 401 898 ebrio
412 857 445 894 aa
455 839 610 890 vomitante
621 825 737 898 populo,
746 821 849 874 siccum
919 843 924 850 ·

52 950 81 986 ac
91 926 217 982 sobrium
231 934 304 974 esse:
324 914 393 968 illud
409 905 604 974 temperatius,
623 913 679 952 nun
700 899 849 956 excerpere

53 1020 89 1064 se,
98 1013 151 1050 nac
160 990 301 1060 insigniri,
311 999 363 1048 nee
370 979 483 1032 misceri
494 973 633 1028 omnibus:
646 974 674 1020 et
685 961 790 1024 eadem,
800 954 850 1010 ssd

51 1087 105 1123 non
119 1064 218 1120 eudem
229 1057 337 1117 modos
351 1053 452 1106 faeere·
488 1043 570 1096 Licet
585 1040 657 1091 enirn
668 1035 727 1086 siue
738 1027 851 1083 luxuria

56 1152 136 1208 agere
151 1133 254 1186 festum
273 1127 355 1177 diem.
391 1122 520 1171 Ceterum
532 1111 603 1173 utico
613 1105 682 1161 mihi
692 1103 783 1170 piacet
793 1104 852 1149 ten·

57 1217 114 1262 ture
125 1203 212 1256 animi
225 1193 456 1252 tui-firmitatem,
476 1190 508 1236 ut
524 1196 558 1236 ex
575 1179 724 1245 praecepto
738 1178 852 1234 magno·
913 1167 922 1174 ’

54 1291 115 1332 rum
127 1265 312 1334 uirorumtibi
325 1272 433 1328 quoque
445 1249 624 1321 praecipiam:
635 1246 799 1306 interponas
805 1233 855 1284 uii-

57 1343 212 1415 numidica,
232 1299 854 1404 quibus·contentusminimoacriiissimoci·
940 1331 978 1340 ..
1053 1305 1054 1312 ¹

56 1419 107 1478 bo,
127 1411 198 1462 dura
208 1413 291 1472 atque
302 1395 420 1451 horrida
431 1396 509 1457 veste
516 1424 525 1450 ,
548 1384 624 1435 dicas
642 1379 711 1431 tibi:
729 1374 792 1424 Huc
812 1372 856 1420 est

58 1481 134 1552 quod
144 1469 314 1534 timebaturi
328 1467 354 1519 4.
365 1467 395 1518 ln
407 1464 467 1530 ipss
478 1455 629 1510 securitate
641 1448 747 1500 animus
758 1439 792 1494 ad
805 1435 859 1495 uit,
950 1455 954 1462 ,

59 1553 148 1607 ficiliu
157 1564 188 1600 se
197 1542 361 1614 praeparet,
373 1539 400 1588 et
413 1535 510 1584 contra
520 1521 634 1578 iniurias
646 1519 773 1572 fortunae
784 1511 858 1562 inter

59 1618 196 1676 beneficia
216 1609 351 1664 firmetur.
381 1602 471 1655 'Miles
491 1599 520 1650 in
541 1591 634 1646 media
652 1602 720 1656 pace
735 1579 859 1650 decurrit
920 1595 928 1602 ·

62 1695 120 1753 sine
130 1688 188 1740 ulio
199 1675 416 1753 hustc„valiuns
432 1668 513 1730 iacit,
532 1670 561 1716 et
576 1669 747 1728 superuacua
762 1652 861 1703 labare

59 1763 198 1819 lassatur,
218 1759 250 1804 ut
270 1746 395 1802 sufficere
415 1735 572 1793 necessario
593 1727 690 1798 possit.
727 1723 816 1784 Quem
830 1717 862 1772 in
942 1755 946 1760 .

61 1833 126 1900 ipsa
136 1835 171 1880 re·
183 1809 480 1888 trepidare-nolueris,
501 1811 565 1877 anta
580 1815 638 1854 rem
654 1806 763 1848 exerce.
798 1785 863 1836 lio'e

65 1899 156 1962 secuti
167 1899 242 1954 sunt,
252 1891 298 1956 qui
310 1880 437 1936 omnibus
448 1875 587 1930 mensibus
599 1865 792 1936 paupertatem
803 1850 864 1904 imi·

69 1969 224 2036 tati,prope
236 1961 271 2012 ud
282 1947 401 2022 inopiain
413 1945 599 2002 accesserunt,
605 1951 639 1988 ne
649 1941 770 1996 unquam
783 1934 866 1987 erpa·
924 1959 929 1964 .

229 2025 233 2033 ’
433 2017 438 2029 ’
463 2014 495 2027 ’“
619 2002 637 2054 5
666 1998 866 2052 Nunestnunc

69 2186 222 2246 pauperum
234 2167 334 2225 celiae,
343 2163 373 2212 et
383 2145 517 2222 quidquid
529 2139 606 2197 aliud
617 2139 669 2200 est,
680 2145 730 2199 per
741 2122 813 2194 quad
824 2121 867 2174 lu·

305 2249 332 2284 rn
347 2223 443 2281 taedio
454 2215 536 2273 ludit.
573 2197 774 2264 Grabatusille
786 2203 868 2245 verus

429 2273 721 2341 tiurus,acsordidus.·¹
745 2259 868 2320 Huctri·

433 2354 558 2410 interdum
570 2346 697 2417 pluribus
707 2337 818 2390 diebus:
838 2331 871 2380 ut

67 2246 155 2301 nuria
169 2239 303 2292 diritiuru

69 2315 118 2378 sit,
136 2314 164 2364 et
176 2322 284 2378 sagum,
301 2307 330 2354 et
340 2295 419 2368 panis

71 2385 128 2436 riuti
141 2387 170 2434 et
182 2367 332 2446 quatriduo
343 2367 399 2428 ier,
419 2361 430 2412 i
729 2408 735 2420 Ι

69 2469 128 2506 nun
141 2450 222 2502 lusus
231 2445 277 2507 sit,
288 2439 337 2494 sed
349 2431 579 2502 experimentum.
612 2407 770 2480 Turranium
781 2401 874 2458 crede,
902 2419 905 2426 ν

70 2519 176 2580 Lucili,
196 2509 360 2578 exsultabis,
380 2495 521 2568 dupondio
533 2496 624 2548 satur,
645 2487 674 2538 ei
684 2475 826 2542 intelliges
838 2465 875 2518 ad

72 2589 256 2644 saturitatem
271 2595 326 2632 non
343 2588 410 2641 opus
427 2564 630 2625 esseiortunn:
652 2545 791 2604 hucenim
802 2544 855 2604 quu

70 2647 241 2712 necessitati
251 2655 296 2714 snt
308 2651 359 2707 est,
372 2641 454 2694 debet
465 2634 550 2686 etiam
563 2631 645 2688 irata.
671 2619 699 2671 u.
709 2616 772 2668 Nun
782 2613 825 2670 est
835 2609 878 2680 ta·

67 2745 153 2808 lmen,
174 2736 261 2803 quare
275 2724 306 2771 tu
319 2713 436 2774 multum
451 2705 501 2758 tibi
517 2682 764 2766 iacerelririeuris:
790 2671 878 2741 sapit!
904 2702 911 2720 ,

232 2969 237 2994 i
