2136 3192
253 156 541 240 nrrsronnn.
573 161 618 218 24.
799 141 835 222 oi

41 289 140 342 librum
154 284 307 352 legentem,
318 277 409 352 po‘sito
419 284 670 354 sdospntglsdtot
690 285 755 344 Duo
765 285 837 344 beet
919 329 920 338 ,

39 359 70 407 in
82 353 163 408 reios
172 355 307 406 extremis
316 353 501 410 instrumente
511 363 705 424 prospexerat,
716 357 837 412 aiterum

39 421 171 476 utveliet
186 423 274 484 mori,
293 423 412 476 niternm
427 429 460 475 nt
479 431 584 490 posset.
623 427 649 478 7.
668 426 836 492 Compositis
881 419 919 462 '-
1027 467 1033 474 .

40 505 108 560 ergo
116 491 206 552 rebus,
217 495 359 558 uteunque
370 493 500 558 componi
509 492 615 545 irnetne
626 488 708 560 ntqn'e
718 495 837 548 ultimos

38 564 180 628 poterant,
199 557 228 608 id
244 559 381 632 egendum
397 559 580 622 existimavit,
599 575 635 613 ne
649 563 693 612 cui
704 565 837 616 Catonem
853 604 857 618 s

39 636 87 682 ont
99 625 226 680 occidero
235 624 346 689 liceret,
355 631 526 680 nntserrere
537 628 630 680 contin
652 636 724 682 eret:
735 637 764 682 et
774 631 838 684 stri·
884 672 887 677 .
918 621 922 644 ¹

39 705 84 750 cto
93 695 200 766 gladio,
211 709 291 762 quem
303 695 431 764 usquein
441 695 521 748 ilium
532 695 606 750 diem
666 699 740 750 omni
750 699 836 752 oneris

41 779 139 836 purum
149 768 324 818 serrorerntr
360 763 453 830 Nihil,
469 765 574 835 inquit,
595 767 695 841 egisti,
713 767 836 835 fortune,

40 833 167 891 omnibns
182 834 326 898 conatibus
341 837 410 886 meis
422 834 571 890 obstendos
586 852 642 896 non
652 852 777 906 promen
786 839 844 900 ιώ,

39 906 106 968 hnc,
118 902 169 956 sed
179 915 230 968 pro
242 905 350 969 patrine
359 903 489 958 libertate
499 906 638 974 pugnaris
656 921 709 960 neo
719 907 836 977 sgebnrn

23 981 118 1031 ,tenen
128 971 299 1040 pertinenia,
313 979 344 1026 nt
353 971 438 1035 iiber,
453 973 504 1028 sed
513 981 545 1027 ut
555 975 632 1030 inter
641 975 746 1030 liberos
761 978 836 1030 vire·

37 1059 110 1096 roms
124 1056 198 1094 nune
234 1040 522 1111 noninnfdepiorotne
532 1050 651 1099 suntres
662 1047 774 1114 generis
785 1045 837 1098 hn-
925 1053 928 1058 '

38 1110 111 1165 mani
117 1146 126 1174 ,
138 1055 376 1192 cntoffieduoetur
385 1112 413 1164 in
423 1111 526 1170 toturn!
561 1112 587 1164 8.
605 1114 749 1181 Impressit
759 1113 836 1168 dein·

39 1182 71 1263 sie
82 1179 259 1234 momorum
270 1179 380 1246 corpori
390 1181 503 1261 ynlnus:
519 1189 574 1248 qno
585 1183 709 1264 obligato
722 1183 835 1237 smedi·

38 1249 284 1380 {intimi
294 1248 837 1390 mnitinhtitiiiirniiit:

35 1389 125 1442 nudes
144 1386 174 1438 in
193 1385 292 1438 vulnus
311 1399 412 1438 menos
430 1385 553 1456 sgit,-et
571 1401 736 1454 generosum
756 1387 837 1442 iilum

38 1461 296 1524 contemtoremqne
307 1455 395 1509 omnis
426 1455 551 1510 otentiae
562 1456 691 1524 spiritum
702 1471 757 1510 non
768 1457 835 1510 emi-

34 1531 85 1593 sit,
103 1523 256 1580 ssd-eiecit.
276 1523 355 1578 ·Non
363 1523 393 1578 in
404 1471 457 1578 Kos
468 1525 597 1647 exemplo
606 1523 676 1580 hoec
684 1541 757 1580 nono
773 1539 840 1579 eon·
856 1537 872 1556 '¹

34 1611 119 1668 gero,
134 1599 167 1649 nt
181 1593 324 1664 ingenium
339 1609 497 1659 exerceam,
512 1610 542 1650 se
576 1599 646 1648 ntis
657 1595 789 1650 adversos
805 1595 835 1650 id

33 1667 110 1736 qnod
124 1665 246 1718 maxime
257 1663 384 1718 terribile
394 1662 518 1729 ridetur,
534 1663 673 1719 exhorter.
708 1667 733 1722 9.
750 1666 833 1720 Fnoi·
932 1717 938 1729 ,

31 1739 203 1790 linsnntem
218 1731 398 1798 abominor,
419 1733 445 1786 si
464 1735 628 1798 ostendero,
648 1748 703 1787 non
725 1741 835 1787 tantum

31 1807 125 1860 fortes
140 1803 215 1857 viros
230 1803 284 1857 hoo
299 1807 469 1856 momentum
486 1801 620 1858 efflandae
641 1805 752 1865 animno
767 1817 833 1856 eon·

31 1873 177 1932 temsissen
197 1871 247 1926 sed
259 1873 391 1940 qnondam
412 1871 448 1925 nri
469 1872 526 1924 aiio
541 1872 670 1942 ignaros,
688 1873 717 1923 in
731 1871 783 1924 hoo
801 1883 835 1923 re

32 1955 208 2010 exaequasse
224 1941 345 1994 oninium
360 1940 590 1994 tntissmomm:
606 1941 679 1992 siout
693 1939 772 1991 iilum
783 1940 834 1992 Cn.

31 2011 167 2080 Pompeii
179 2025 306 2064 socerum
322 2010 494 2076 Scipionem,
511 2009 559 2075 qni
573 2008 713 2060 nontrnrio
723 2009 753 2057 in
763 2007 836 2058 Airi-

32 2098 97 2135 onm
107 2086 193 2134 rento
203 2079 322 2142 relntns,
334 2092 417 2146 quum
427 2079 516 2128 teneri
527 2089 624 2128 nerem
636 2087 716 2126 suom
726 2073 836 2124 rideret

31 2153 67 2204 ab
78 2150 225 2212 hostibus,
238 2147 315 2202 terro
325 2161 356 2200 se
370 2143 606 2198 transverberavit
611 2177 620 2208 ‚
636 2148 666 2196 et
680 2141 837 2209 quaerenti·

29 2222 86 2272 bus
97 2218 306 2285 nbiimperntor
317 2219 405 2268 esset:
439 2213 646 2282 „imperotor,“
656 2209 762 2277 inquit,
771 2209 836 2280 ”bi-

29 2305 64 2343 ne
80 2303 114 2342 se
129 2288 243 2340 hebet.“
267 2286 320 2344 io.
338 2281 405 2336 Vox
413 2279 481 2336 hneo
489 2281 571 2332 iilum
581 2295 674 2362 parem
683 2279 834 2333 maioribus
929 2329 931 2334 .

27 2361 116 2422 fecit,
132 2361 163 2424 et
173 2353 290 2410 fatalem
303 2351 480 2423 Scipionibus
490 2350 520 2402 in
533 2349 626 2405 Ainos
641 2349 759 2418 gloriam
777 2364 834 2405 non

27 2438 72 2484 est
89 2429 258 2492 interrumpi
279 2437 371 2492 posen.
405 2419 526 2474 Multum
545 2417 615 2484 fuit,
636 2417 834 2488 Carthaginem

25 2503 160 2558 vincere,
172 2493 223 2547 ‘soei
234 2493 370 2562 emplius,
384 2495 512 2544 mortem.
547 2489 716 2558 Imperator,
732 2490 833 2558 inquit,

25 2571 100 2620 bene
109 2582 142 2618 se
152 2563 246 2616 nabet.
282 2565 323 2618 An
334 2559 418 2613 nliter
427 2559 546 2614 debebat
557 2561 721 2628 Imperator,
735 2565 764 2611 st
775 2557 834 2624 qni·
871 2600 873 2610 ,

25 2637 91 2688 dem
116 2632 251 2694 Catonis,
270 2630 360 2684 morit
394 2630 456 2683 Non
475 2644 580 2682 rnroeo
593 2637 623 2681 te
639 2627 832 2704 nonistorrsm

23 2721 78 2759 neo
89 2719 128 2759 ex
138 2701 270 2774 omnious
280 2697 383 2758 seculis
394 2704 581 2778 contemtores
590 2696 701 2756 mortis,
710 2705 757 2758 qm
768 2693 834 2743 snnt
