2136 3192
224 224 259 278 20
512 219 727 276 SENECAE

221 359 277 397 uon
293 350 356 396 eunt
369 337 478 394 fideiee:
499 341 694 394 etiamsinon
704 347 816 404 nocent,
831 339 948 413 fugiunt.
980 341 1005 394 3.

222 412 340 482 Aliquod
356 413 448 478 potius
461 412 561 462 bonum
574 426 731 461 mansurum
749 411 935 476 circumspice:
949 410 1006 459 nul·

222 480 280 531 lum
296 486 388 532 autem
407 485 462 538 eet,
476 479 529 529 nisi
541 480 615 544 quod
631 483 736 530 animus
750 493 783 529 ex
794 493 823 529 se
838 480 891 529 sibi
901 477 1005 527 invenit.

127 585 129 592 .
222 547 289 598 Sola
303 550 391 600 rirtuo
403 552 526 614 praestat
536 547 665 616 gaudium
683 553 856 612 perpetuum,
874 557 1006 596 securum:

121 673 122 680 χ
222 617 305 666 etiam
318 617 340 666 ri
351 617 414 682 quid
426 615 533 677 obstat,
548 615 658 664 nubium
673 616 754 664 modo
767 611 925 672 intervenit,
940 623 1007 674 qnae

220 681 295 734 inira
310 682 450 744 feruntur,
466 697 515 734 nee
527 695 644 748 unquam
656 681 727 731 diem
739 683 859 727 vincunt.
896 677 1008 736 Quando

222 750 258 800 ad
273 747 325 802 hoc
341 752 471 818 gaudium
488 752 630 812 pervenire
648 745 806 809 contingent
829 745 891 794 Non
902 743 1009 810 quidem

223 824 347 870 cessator
358 818 459 879 adhuc;
469 816 518 866 ted
528 815 684 867 festinetur.
719 812 837 863 Multum
849 819 935 863 reotnt
944 825 1009 878 ope-

222 887 275 944 ris,
291 886 319 934 in
335 884 406 949 quod
417 883 476 948 ipse
486 879 597 932 necesse
609 879 800 944 estrigiliam,
816 881 876 945 ipse
887 879 1011 931 laborem

223 954 299 1002 tuum
314 949 471 1014 impendas,
487 947 511 996 ei
527 947 596 997 etiiei
613 947 699 1010 cupis.
745 947 953 1014 Delegationem
966 963 1011 999 res

129 1033 138 1046 ·
222 1018 279 1068 istu
289 1031 344 1066 non
353 1015 462 1079 recipit.
498 1015 581 1065 Aliud
592 1015 734 1066 literarum
747 1029 832 1081 genus
844 1017 1012 1066 adiutorium

224 1084 358 1134 admittit.
392 1083 418 1133 4.
430 1081 568 1133 Calvisius
580 1083 698 1134 Sabinus
711 1084 844 1134 memorie
855 1090 948 1133 nostra
958 1081 1014 1132 fuit

223 1149 311 1202 dirae:
331 1155 360 1202 et
380 1151 575 1217 patrimonium
595 1150 715 1201 habebat
734 1150 871 1211 libertini,
894 1156 921 1202 et
934 1151 1013 1216 inge·

223 1220 307 1269 nium.
343 1217 486 1285 Nunquam
498 1219 555 1269 ridi
567 1219 701 1270 honrinem
713 1218 826 1270 beatum
836 1217 1014 1270 indecentius.

223 1288 297 1338 Huic
312 1290 446 1340 memoria
461 1292 519 1338 tam
534 1287 608 1338 mala
626 1291 700 1348 erat,
719 1293 749 1337 ut
760 1286 803 1338 ilii
817 1286 899 1337 modo
914 1299 1016 1336 nomen

225 1354 507 1422 Uiyeeieexcideret,
532 1355 613 1408 modo
634 1355 763 1416 Achillia,
789 1355 872 1405 modu
893 1351 1016 1404 Priami:¹

225 1437 293 1488 quoe
310 1429 366 1473 tam
382 1424 453 1476 bene
467 1430 596 1483 noverat,
616 1437 695 1488 quam
712 1422 885 1488 paedogogos
902 1427 1018 1472 nostros

224 1489 360 1540 norimus.
396 1490 484 1541 Nemo
494 1491 605 1542 vetulus
619 1491 820 1551 nomenclator,
840 1489 886 1555 qui
905 1491 1019 1539 nomina

224 1569 279 1606 non
290 1556 390 1616 reddit,
401 1557 450 1605 sed
462 1557 594 1620 imponit,
605 1561 662 1605 tam
674 1564 865 1622 properanter,
876 1571 956 1622 quum
969 1557 1019 1608 ille

225 1620 362 1674 Troianos
377 1626 405 1672 et
420 1620 538 1672 Achivos
553 1624 750 1686 persalutabat.
785 1621 810 1672 t.
829 1623 1020 1675 Nihilominus

226 1689 349 1742 eruditur
367 1687 478 1739 volebat
497 1689 592 1740 videri.
627 1689 706 1740 Hanc
726 1691 821 1756 itaque
841 1692 1020 1758 compendio·
1062 1691 1063 1734 ἰ

225 1759 294 1809 riam
306 1757 489 1820 excogitavit:
500 1770 602 1822 magna
613 1771 719 1808 summa
732 1761 917 1820 emittemus,
934 1775 1023 1811 unum
1062 1739 1063 1790 i

225 1827 273 1892 qui
285 1825 435 1875 Homerum
453 1829 573 1874 teneret:
590 1824 706 1875 aiterum
723 1827 768 1891 qui
780 1826 946 1878 Hesiodumt
967 1843 1024 1878 no·
1062 1797 1063 1874 i

224 1906 287 1943 rem
303 1897 447 1958 praeterea
456 1891 567 1958 Lyrieie
582 1891 706 1958 singulos
717 1893 876 1961 assignavit.
911 1894 1025 1960 Magno

227 1960 327 2011 enniano
343 1960 421 2010 ilium
437 1966 550 2012 nonest
567 1959 639 2024 quod
655 1962 775 2012 mireris:
791 1977 845 2012 oon
859 1963 1027 2013 invenerat:
1061 1989 1062 2006 ÷

226 2027 367 2080 iaciendos
382 2027 494 2079 locarit.
529 2027 678 2093 Postquam
689 2029 757 2080 haec
767 2028 926 2080 inmitiaiili
943 2043 1028 2080 corn-

227 2102 325 2164 parata
336 2103 391 2158 cst,
404 2098 495 2161 coepit
506 2099 633 2146 convivas
644 2111 707 2148 suos
718 2097 877 2162 inquietare.
911 2097 940 2148 d.
960 2097 1028 2147 Ha-

227 2165 312 2216 bebat
327 2165 362 2215 ad
379 2164 462 2230 peden
477 2165 541 2224 hoe,
556 2179 573 2214 a
584 2166 682 2230 quibua
693 2166 807 2215 aubindc
817 2177 898 2229 quum
910 2171 1031 2230 peteret

226 2247 337 2292 versuo,
351 2245 420 2296 quoe
432 2230 565 2290 referret,
581 2247 663 2298 saepe
674 2233 701 2282 in
713 2233 802 2283 medio
815 2233 898 2284 verbo
910 2233 1033 2283 excide·
1060 2233 1061 2252 *

227 2301 285 2350 bat.
320 2299 416 2349 Suasit
430 2298 473 2348 illi
484 2299 616 2350 Sateiiine
631 2298 803 2360 Quadratus,
818 2299 973 2352 stultorum
987 2301 1034 2350 di·

228 2367 313 2415 vitum
334 2379 459 2424 arroeor,
478 2372 506 2416 et
522 2365 595 2431 quod
611 2369 747 2431 sequitur,
768 2368 884 2428 urriaor,
902 2374 933 2417 et
948 2369 1035 2432 quod

228 2432 336 2482 duobus
350 2431 394 2482 his
407 2433 564 2483 adiunctum
575 2439 625 2495 eat,
637 2433 755 2492 derisor,
771 2442 803 2484 ut
816 2435 1036 2486 Grammaticos

227 2500 346 2550 haberet
356 2499 505 2550 coniectae.
532 2501 620 2561 Quum
634 2501 748 2552 dixisset
759 2501 885 2562 Sabinus,
897 2504 1037 2554 centenis
1057 2549 1058 2552 ,

228 2566 349 2618 millibus
359 2566 414 2616 eibi
429 2572 554 2616 constare
570 2569 692 2634 singulos
707 2584 811 2621 terroe:
832 2571 974 2632 Minoris,
994 2573 1040 2619 in·

229 2636 304 2701 quit,
320 2634 436 2686 totidem
452 2635 555 2684 scrinia
570 2639 692 2688 emissos.
728 2640 753 2691 7.
772 2637 823 2688 lile
839 2644 934 2688 tamen
951 2639 987 2688 in
1002 2648 1052 2690 eu·

230 2703 358 2769 opinione
368 2707 438 2767 erat,
448 2707 480 2756 ut
488 2707 599 2772 putaret
609 2719 639 2759 oe
650 2706 734 2772 orire,
751 2705 825 2773 quod
835 2706 995 2772 quiequam
1007 2709 1044 2760 in
