2136 3192
264 187 550 280 arrsrouss.
583 203 644 261 a·
818 201 850 258 rr

67 321 146 374 cient:
166 323 195 372 et
210 319 262 370 erit
278 322 424 382 imminuto
446 338 561 391 corpora
582 329 611 376 et
629 325 774 392 amputato
792 327 848 376 tam

65 389 139 450 latus,
149 402 231 454 quam
240 389 351 454 integro
362 389 424 444 fuit.
459 393 513 446 Sed
523 408 592 460 quac
602 394 655 446 sibi
666 393 777 454 desunt,
785 405 850 442 rrum

64 455 217 508 desiderati·
248 455 309 508 Non
318 456 414 508 deesse
425 461 537 512 statuit.
572 461 730 528 lta'sapiens
745 473 849 510 secum

66 529 214 592 tentus-est,
226 539 280 574 nun
293 530 324 574 ut
334 524 401 590 velit
409 541 469 578 esse
480 529 640 590 sineamico,
651 527 698 580 sed
708 534 739 578 ut
749 529 850 596 possitr

65 598 92 645 et
105 591 153 643 lmc
168 592 241 658 quod
256 593 333 653 dicu,
354 593 459 658 possit,
479 596 533 646 tale
545 601 599 646 est:
620 597 750 646 ansianum
762 608 849 660 aequo
879 641 883 645 .

64 661 149 712 auimo
159 660 227 710 lert:
240 662 300 712 sine
312 659 403 726 antico
415 662 522 728 quidem
534 677 669 728 nunquam
682 663 747 714 erit:
761 663 788 713 in
798 677 851 714 sua

62 733 197 796 potestate
208 725 302 788 hauet,
318 732 465 794 quamcito
476 735 598 796 reparet.
632 729 660 780 t.
673 729 815 791 Quomodo
827 729 852 780 si

61 795 209 864 perdiderit
220 795 331 846 Phidias
341 796 459 848 statuam
470 834 480 861 ,
491 798 619 865 protinus
629 797 745 848 alteram
756 795 852 848 iaciett
911 841 916 848 .

61 866 100 916 sic
119 868 147 916 et
167 862 213 914 hic
231 861 415 916 faciendarum
432 868 616 918 amicitiarum
631 863 735 917 artifex
749 863 850 914 substi-

62 935 121 984 tuet
131 923 215 982 alium
228 931 356 986 inlocum
369 931 470 985 amissi.
506 933 624 994 Quaeris
636 929 774 1000 quomodo
786 931 852 984 ami-

63 1013 121 1051 cum
138 1000 193 1048 cito
208 998 331 1050 facturus
342 1001 397 1051 siti
422 1001 535 1063 Dicam,
551 1002 575 1052 si
590 1001 660 1054 illud
677 1000 744 1052 mihi
759 1005 851 1052 tecum

64 1069 233 1127 convenerit,
252 1069 395 1119 utstatim
415 1071 467 1120 tibi
487 1072 593 1122 solvam
629 1069 683 1123 uod
699 1069 802 1130 debeo,
822 1073 852 1119 et

63 1140 191 1200 quantum
206 1133 242 1184 ad
257 1135 325 1186 hanc
340 1138 506 1207 epistolam,
521 1086 628 1204 pariab

0 1255 8 1270 r
64 1209 142 1254 caton
158 1204 211 1251 ait:
242 1203 323 1270 „lige
342 1201 573 1256 tibinronst'rabc
593 1209 773 1265 sanatorium,
793 1203 854 1254 siue

63 1269 277 1330 medicamento,
292 1273 353 1324 sine
363 1271 464 1333 herba,
479 1275 540 1322 sine
552 1273 634 1323 ullius
643 1275 782 1323 veneficae
794 1285 853 1322 car·

63 1339 143 1390 mine.
166 1335 246 1388 srvis
258 1341 355 1404 amari,
365 1345 456 1388 ama.“
473 1339 568 1390 Habet
578 1346 670 1389 autem
681 1353 735 1390 non
746 1342 853 1388 tantum

63 1403 199 1470 amicitiae
211 1419 292 1466 usus,
310 1406 412 1456 veteris
425 1413 453 1457 et
463 1415 571 1467 certae,
588 1420 713 1472 nmguam
729 1403 854 1471 volupia·

63 1473 198 1534 temfsed
217 1473 302 1523 etiam
323 1473 433 1524 initium
456 1479 484 1524 et
504 1476 674 1540 comparatio
695 1487 791 1526 norae.
826 1469 852 1524 5.

61 1540 143 1602 Quod
158 1541 274 1608 interest
288 1541 363 1594 iuter
376 1548 524 1603 metentem
543 1541 707 1608 agricolam,
725 1537 853 1594 eiceren-
914 1595 920 1604 ,

62 1616 130 1661 tem=
140 1609 192 1660 hoc
203 1609 277 1660 inter
288 1625 348 1660 eum
360 1610 406 1675 qui
418 1611 655 1676 paravitamieum‚
667 1611 749 1676 etqui
761 1614 851 1678 parat.

60 1676 171 1730 Attalus
184 1674 363 1744 philosophus
379 1678 470 1731 dicere
485 1678 606 1731 solebat:
626 1679 772 1730 iucundius
790 1693 851 1730 esse

59 1743 300 1811 amicumiacere‚
316 1759 396 1812 quam
407 1745 523 1810 habere3
545 1747 682 1814 quomodo
698 1745 798 1798 artiiici
812 1746 853 1794 iu·
879 1751 881 1754 '

60 1813 177 1865 euodius
194 1818 236 1863 est
246 1815 371 1880 pingere,
392 1830 472 1882 quam
488 1815 618 1880 pinxisse.
654 1814 708 1864 llla
724 1815 752 1864 in
768 1827 852 1878 opere

58 1897 110 1933 suo
137 1886 273 1946 occupata
301 1881 463 1944 solicitudo,
491 1883 589 1950 iugens
619 1881 852 1934 oblectamentum

58 1949 145 2002 babet
159 1950 190 1999 in
206 1947 266 2012 ipsa
282 1953 467 2015 occupatione.
504 1951 566 2004 Nun
581 1964 669 2016 aeque
689 1949 854 2006 delectatur,
924 1946 926 1954 “

59 2018 108 2084 qui
118 2017 153 2068 ab
173 2029 256 2082 opere
273 2016 397 2080 perfectu
408 2017 528 2070 removit
547 2013 670 2068 manum:
691 2017 747 2066 iam
760 2014 854 2065 fructu

58 2087 131 2138 artis
142 2100 209 2136 suae
221 2084 335 2140 fruitur:
349 2087 408 2149 ipsa
419 2084 563 2134 fruebatur
575 2091 648 2140 arte,
664 2095 746 2146 quum
762 2083 855 2146 pinge-

55 2160 112 2205 ret.
148 2152 330 2204 Fructuosior
343 2157 387 2203 est
402 2151 593 2202 adulescentia
615 2148 782 2212 liberorum,
804 2146 854 2198 sed
911 2167 912 2172 ¹

627 1139 757 1189 aciamus.
792 1135 850 1187 He·
947 1171 951 1178 .

54 2219 356 2272 infantiadulcior.-
391 2219 418 2271 d.
436 2215 853 2284 Nurtcadprupusitumrerer·
887 2229 889 2250 ¹
943 2251 948 2270 .

55 2297 161 2340 tamur.
196 2287 310 2354 Sapiens
326 2287 411 2339 etism
426 2289 447 2338 si
466 2285 610 2339 curriculus
632 2289 675 2336 esi
694 2299 737 2346 se,
758 2290 853 2336 tamen
878 2309 882 2316 ¹

54 2357 163 2409 habere
180 2358 298 2408 amicum
312 2356 382 2410 vult=
398 2356 422 2406 si
438 2357 473 2408 ub
489 2353 556 2406 nihil
571 2353 659 2418 aliud,
674 2359 707 2406 ut
723 2357 850 2406 exerceat

58 2424 230 2486 amicitiam,
245 2439 279 2476 ne
290 2430 346 2486 tam
357 2437 457 2490 magua
468 2425 554 2476 virtus
563 2425 669 2476 iaceat:
685 2438 739 2474 non
750 2423 785 2475 ob
801 2420 854 2474 hoc
887 2445 889 2455 Δ

55 2491 136 2560 quod
147 2492 283 2558 Epicurus
294 2491 406 2543 dicebat
413 2493 442 2544 iu
451 2490 502 2547 hac
513 2491 705 2560 ipsaepislola,
716 2497 745 2542 ut
754 2489 855 2542 lrabeat
892 2495 893 2500 ’

55 2561 105 2630 qui
113 2561 174 2614 sibi
184 2575 269 2630 aegro
280 2561 408 2622 assideat,
419 2557 562 2616 succurrat
570 2563 600 2615 in
609 2559 717 2626 vincula
728 2559 854 2612 coniecto
950 2572 953 2582 ¹

52 2631 101 2682 rel
123 2629 217 2696 inopi:
239 2629 287 2682 sed
308 2634 338 2678 ut
357 2627 459 2682 habeat
474 2631 610 2698 aliquem,
631 2629 675 2680 cui
689 2628 749 2694 ipse
768 2635 853 2692 aegro

49 2697 198 2760 assideat,
209 2697 388 2766 perscriptum
398 2695 719 2764 circumventumhcstili
730 2689 855 2745 custodia

85 2767 230 2821 sarraca
245 2765 310 2822 voi.
321 2765 378 2830 111„
622 2763 648 2814 B
802 2775 804 2782 ’
