2136 3192
93 225 99 230 ,
197 161 234 220 12
355 127 361 132 ’
488 130 708 216 Sunucis

126 317 130 320 -
196 276 350 332 homicidia
361 283 437 330 sunt:
448 277 516 330 nibil
528 277 695 348 habentque
705 269 894 347 teguntur‚atl
904 277 993 332 ictum

196 349 265 405 totis
281 348 443 414 corporibus
457 349 590 414 expositi:
606 363 744 416 nunquam
758 345 865 400 frustm
879 363 993 400 monum

197 419 321 476 mittunt.
358 415 420 468 lloc
432 415 556 484 plerique
566 415 718 469 ordinariis
728 416 840 483 paribus
852 421 880 468 et
895 411 991 484 po'stu-

110 495 117 500 “
151 488 155 494 “
197 484 299 540 lotitiis
314 484 483 550 praeierunt.
520 486 623 548 Quidni
637 484 811 554 praeferenti
832 501 887 538 nou
905 487 996 554 galea,

189 567 252 604 non
264 557 342 604 scuto
353 553 501 620 repellitur
510 551 624 616 ferrum.
660 555 721 619 Quo
733 551 920 606 mundnental
936 569 995 620 quo

197 619 387 690 gladiisrtcsi
422 621 695 682 Omniafistamortis
706 637 801 674 morae
812 629 886 674 sunt.
910 623 995 676 Mane

196 688 327 746 leonibus
338 694 367 742 ct
378 688 590 752 ursishomines,
600 691 715 743 meridie
726 689 996 756 spectatoribussuis

127 794 138 803 „.
167 789 169 796 ι
198 758 377 810 obiiciantur.
413 757 439 810 4.
457 758 654 812 interfectores
665 758 854 812 interfecturis
865 759 998 810 iubentur

198 826 297 888 obiici,
309 833 336 878 et
346 829 480 888 victorem
497 827 527 878 in
541 826 625 880 ulium
641 825 770 882 detinent
786 827 913 878 caedem:
936 829 995 880 exi-

197 902 243 948 tus
258 896 439 963 pugnantium
455 910 530 948 mors
541 901 594 953 est:
609 895 684 948 ferro
700 902 728 948 et
742 896 862 962 ignores
878 897 995 961 geritur.

198 963 278 1016 llaec
292 965 373 1025 liunt,
390 963 454 1015 dum
471 971 550 1016 vacat
566 978 659 1017 arena.
670 989 703 1002 -
739 962 794 1016 Sed
816 963 997 1016 latrocinium

197 1031 267 1086 fecit
283 1032 392 1104 aliquis.
427 1033 500 1095 Quid
515 1031 602 1100 ergo}
620 1031 737 1096 meruit,
752 1037 785 1083 ut
800 1031 996 1098 suspendatur.

125 1151 135 1155 -
186 1096 309 1164 'Occidit
319 1099 470 1153 hominem:
492 1103 538 1168 qui
549 1100 658 1162 occidit,
669 1100 828 1154 illemeruit
837 1107 868 1152 ut
878 1099 931 1153 boc
946 1115 996 1166 pa·

184 1170 319 1239 teretur:
335 1175 366 1220 tu
379 1170 446 1237 quid
458 1169 599 1232 meruisti,
614 1171 711 1232 miser,
722 1177 753 1220 ut
763 1168 816 1220 hoc
826 1167 953 1236 spectent
962 1195 997 1206 -
1042 1166 1045 1187 ¹*

107 1243 113 1247 ”
200 1239 318 1302 Occide,
328 1253 392 1302 ure,
401 1240 528 1292 verbera!
562 1241 655 1304 Quare
666 1245 724 1292 tam
735 1238 831 1290 timide
840 1236 955 1288 incurrit
966 1236 998 1288 in

93 1321 94 1326 ¹
199 1306 325 1378 terrum!
344 1323 429 1376 quare
445 1323 541 1375 parum
558 1305 694 1362 audacter
709 1305 829 1360 oceiditi
849 1321 935 1374 quare
951 1320 999 1371 pa·

93 1435 96 1442 ¹
168 1391 261 1428 -aurn
277 1377 398 1430 libenter
408 1376 543 1430 morituri
578 1376 605 1431 5.
623 1377 718 1442 Plagis
730 1379 887 1444 agunturin
902 1374 997 1426 vulne·

199 1459 245 1506 ra,
260 1451 291 1506 et
306 1452 416 1496 mutuos
431 1447 505 1496 ictus
519 1445 600 1496 nudis
610 1450 638 1497 ct
646 1444 741 1495 obviis
752 1445 909 1509 pectoribus
925 1443 997 1496 exei-

101 1529 105 1536 ·
135 1531 139 1540 ·
191 1513 288 1578 piunt.
325 1512 514 1564 Intermissum
535 1519 579 1564 est
598 1511 802 1576 spectaculumi
823 1511 933 1564 interlin
954 1512 997 1564 iu-

113 1631 116 1636 ,
198 1579 332 1647 gulautur
351 1578 490 1642 homines,
511 1592 545 1630 ne
565 1577 634 1630 nibil
655 1585 763 1648 agatur.
798 1581 857 1647 Age
891 1577 925 1632 ne
943 1577 997 1634 hoc

198 1647 310 1716 quidem
325 1647 499 1716 intelligitis,
515 1647 590 1699 mala
600 1649 825 1715 exemplaineos
839 1615 996 1702 re'dundore

198 1717 248 1787 qui
257 1715 383 1768 iaciunti
417 1719 498 1782 Agite
511 1716 564 1767 diis
573 1717 778 1770 immortalibus
789 1719 909 1786 gratias,
921 1719 1005 1785 quod,

199 1784 384 1852 eum-docetis
400 1801 461 1838 esse
472 1785 626 1848 crudelem,
645 1787 758 1854 quinon
771 1792 864 1852 potest
880 1781 997 1841 discere.

152 1901 156 1906 .
198 1850 397 1928 Subducendus
418 1854 521 1920 populo
541 1860 584 1906 eet
603 1861 683 1908 tener
701 1855 825 1918 animus,
851 1865 880 1908 et
898 1871 997 1923 parum
1045 1875 1046 1904 l

197 1928 282 1990 tenax
293 1923 374 1974 recti:
385 1923 467 1976 facile
475 1924 613 1976 transitur
623 1925 658 1976 ad
669 1924 772 1991 plures.
808 1923 930 1987 Socrati,
942 1926 995 1977 Ca-

198 1991 273 2052 toni,
300 1996 329 2044 et
347 1991 446 2044 Laelio
470 1998 601 2045 excutere
620 2003 741 2048 mentem
761 2007 840 2046 suam
861 1993 995 2046 diffinrilis

198 2059 349 2114 multitudo
359 2063 511 2126 potuisset:
527 2062 685 2117 adeonemo
696 2067 836 2126 nostrum,
853 2063 995 2130 quiquum
1045 2071 1046 2090 ¹

22 2190 49 2197 ,,
78 2155 121 2172 ν
138 2131 530 2182 “Ἢακίωεὀοηοὶηηαωυε
544 2131 700 2198 ingenium,
716 2131 790 2184 ferre
805 2133 1003 2199 impetumri·.

123 2246 127 2250 .
196 2193 300 2252 tiorum
315 2203 373 2249 tom
388 2214 488 2266 magno
503 2200 637 2252 comitatu
651 2201 818 2254 venientium
831 2207 932 2267 potest.
967 2200 995 2254 6.

197 2265 285 2318 Unum
298 2266 454 2332 exemplum
467 2267 655 2330 autluxuriae,
667 2270 866 2332 nutantium,
876 2269 995 2322 multum

197 2335 265 2386 nrali
281 2333 364 2386 lacit:
380 2339 523 2386 convictor
538 2336 672 2388 delicatus
686 2337 951 2403 paulatimenervat
965 2344 996 2390 et

198 2401 318 2454 emollit:
334 2402 441 2454 ricinus
452 2404 530 2455 dives
539 2404 718 2472 cupiditatem
730 2406 837 2459 irritat:
854 2407 993 2473 malignus

98 2509 104 2514 .
198 2484 291 2532 comes
307 2471 432 2536 quamvis
446 2471 564 2524 candido
576 2479 604 2524 et
613 2474 733 2540 simplici
743 2475 898 2544 rubiginem
914 2489 995 2544 susm

197 2537 333 2610 ulfricuit:
356 2541 420 2606 quid
442 2547 472 2592 tu
494 2541 621 2596 accidere
640 2543 682 2595 bis
702 2545 825 2605 moribus
841 2543 943 2607 credis,
963 2543 1001 2594 in'

127 2632 135 2636 -
198 2620 266 2678 quos
284 2607 392 2676 publice
411 2609 500 2662 fuctus
517 2616 559 2663 est
575 2611 710 2681 impetusl
744 2613 865 2668 Necesse
882 2618 924 2664 cst
944 2618 995 2665 arri

197 2675 397 2741 imiteris,.out
408 2678 509 2734 oderis.
543 2679 799 2752 Utrumqueautem
815 2680 992 2748 devitandum
1045 2719 1046 2804 1

590 2838 605 2864 „
679 2845 681 2848 .
