2136 3192
246 191 530 245 Erisrounu.
565 193 608 250 28.
789 193 824 248 ⁷1

40 315 117 364 domo
132 325 180 360 sua
190 311 282 359 soiret.
317 310 393 361 Idem
405 311 537 374 Satellius
548 312 625 362 ilium
637 311 745 364 hortari
762 325 824 364 eoe-

37 384 84 446 pit,
96 385 125 430 ut
134 379 300 437 luctaretur,
315 375 453 430 homiuem
463 393 588 444 aegrum,
597 381 743 446 pallidum,
759 395 822 446 gra-

41 451 123 516 cilen.
157 447 246 506 Quum
268 444 385 495 Sabinus
405 447 604 510 respondisset,
625 449 661 497 Et
682 449 821 514 quomodo

39 514 163 581 possumi
187 515 234 562 rix
244 514 321 562 viro:
350 513 436 573 Noli,
448 513 562 564 obsecro
574 521 616 574 te,
631 516 731 582 inquit,
747 517 831 567 istud'

41 585 140 634 dicere:
152 595 206 632 non
217 579 302 642 rides,
312 595 393 646 quarn
404 580 507 633 multos
518 595 612 630 servos
622 583 825 634 valentissimos

41 649 156 705 habeas?
190 649 215 698 8.
233 647 312 698 Boot
327 663 404 699 niens
419 664 470 700 nee
481 647 683 709 commodetur,
697 665 747 700 neo
761 651 827 701 erni·

41 723 97 767 tur:
109 723 137 768 et
147 723 221 781 poto,
233 715 256 763 si
267 717 371 768 venalis
383 724 470 778 essct,
488 731 542 766 uon
555 714 669 766 haberet
680 720 828 766 emtorern:

43 791 68 833 et
82 784 156 835 mela
170 782 294 846 quotidie
309 785 418 836 emitur.
455 783 508 834 Sed
524 785 619 847 accipe
633 783 687 833 iero
702 784 773 848 qnod
784 783 830 834 de·

41 853 100 912 heo,
110 851 219 902 etrele.
246 850 389 910 „Divitiae
398 858 474 912 sunt,
484 851 518 902 ad
530 851 617 915 tegern
630 858 745 902 naturae
756 865 830 900 eoni-

40 919 127 991 posite
145 923 320 982 paupertas.“
354 920 418 970 Hoc
432 933 514 985 saepe
528 918 596 968 dioit
607 919 756 983 Epicurus,
775 918 827 969 ali·

40 997 80 1036 rer
95 992 177 1049 atque
189 983 279 1034 aliter.
315 984 368 1036 Sed
379 1001 514 1052 nunquam
527 987 608 1036 nirnis
619 987 734 1048 dicitur,
754 985 829 1051 quod

43 1066 176 1118 nunquam
188 1055 255 1102 satis
270 1051 394 1104 discitur.
430 1055 602 1116 Quibusdam
613 1053 736 1108 remedia
752 1068 829 1107 mou·

42 1119 163 1183 uuanda,
174 1119 335 1186 quibusdam
344 1121 507 1172 medicanda
516 1128 589 1172 suut.

232 1221 477 1275 EPISTULA
516 1221 664 1275 xxviii.
695 1177 698 1183 ·

41 1306 213 1356 loromutata,
228 1305 335 1348 animum
349 1319 398 1348 non
412 1308 515 1348 mutant.
548 1305 737 1346 Tollcs'ntcrncm
750 1303 830 1357 σοιτί·

62 1364 176 1409 moniom,
186 1360 262 1404 omnir
277 1361 340 1402 locus
352 1359 424 1401 donus
434 1359 595 1412 facundusque
604 1359 658 1401 erit.
687 1357 783 1412 Eligam
793 1363 829 1399 ta-

63 1430 130 1466 men,
149 1415 171 1458 εἰ
178 1427 288 1471 possum,
304 1413 475 1469 quietissimum
485 1418 508 1454 cc
516 1425 585 1468 qnam
594 1413 691 1454 minime
701 1412 778 1455 trcrbir
786 1419 831 1456 aur

63 1471 132 1568 cipite
145 1474 320 1526 opportunum.
349 1469 474 1512 Clausulas
489 1467 591 1511 Peccata
602 1473 647 1512 isca
662 1481 738 1518 nosce,
749 1466 798 1510 tam
807 1481 831 1512 cs

63 1539 90 1568 lu
100 1538 153 1568 vill.
466 1559 469 1565 .
818 1557 819 1562 ,

87 1595 153 1645 lioe
163 1594 216 1646 tibi
228 1593 280 1645 soii
291 1600 372 1659 putes
382 1595 531 1658 recidisse,
546 1599 575 1650 ct
586 1596 734 1649 admiraris
749 1594 831 1660 quasi

36 1676 94 1713 reru
108 1677 222 1713 noram:
238 1663 308 1729 quod
322 1666 545 1730 peregrinatione
560 1672 616 1716 tani
632 1666 728 1730 longa,
745 1670 773 1712 ot
787 1668 832 1712 tot

35 1733 163 1782 iocorum
173 1731 368 1793 varietatibus,
379 1734 601 1784 eondiscussisti
612 1733 756 1783 tristitiem
772 1745 832 1796 gro·
851 1737 856 1750 ·

34 1800 208 1864 ritatemque
229 1797 339 1848 meotis.
375 1801 500 1852 Animum
520 1802 604 1852 debes
629 1807 752 1856 mutare,
777 1811 832 1846 uon

34 1865 170 1916 coeluum*
192 1863 273 1928 Licet
282 1871 388 1917 vastum
397 1868 541 1919 traieceris
552 1883 642 1928 orere,
657 1868 725 1920 licet
739 1868 781 1924 (ut
792 1864 833 1914 ait

37 1934 173 2000 Virgilius
194 1937 299 1994 noster)
320 1944 484 2000 „terraeque
507 1937 646 2000 urbesque
671 1930 833 1984 recedant:“

34 2009 189 2066 sequentur
210 2009 249 2064 te,
270 2004 430 2066 quocunque
455 2004 628 2066 perveneris,
656 2001 735 2049 vitia.
769 1999 833 2047 Hoo

32 2069 108 2118 idem
124 2069 234 2120 ouidar'u
255 2069 381 2134 querenti
397 2071 528 2119 Socrates
544 2071 596 2118 aits
622 2065 694 2127 Quid
712 2063 832 2125 miraris,

32 2137 104 2186 nihii
115 2138 169 2188 tibi
181 2136 416 2203 peregrinationes
429 2134 570 2200 prodesse,
579 2148 660 2199 quum
673 2139 702 2184 te
714 2133 831 2182 circum-

32 2203 128 2254 feras!
165 2205 189 2256 2.
214 2204 319 2256 Premit
339 2209 368 2254 te
388 2203 485 2254 eodeni
506 2217 602 2265 cause,
621 2215 694 2270 quae
717 2199 833 2266 expulit.

33 2270 107 2329 Quid
120 2279 258 2324 terrarum
270 2272 367 2324 iuvare
376 2272 485 2322 novitas
497 2270 608 2336 potest!
628 2271 693 2336 quid
709 2268 832 2335 cognitio

32 2338 160 2400 urbium,
175 2353 225 2391 out
235 2339 380 2392 iocorum?
400 2341 428 2390 iu
438 2339 547 2394 irritum
558 2339 632 2392 oedit
643 2343 698 2390 ista
707 2339 831 2390 iactatio.

32 2407 154 2466 Quaeris
162 2423 249 2473 quare
261 2414 288 2460 te
299 2409 368 2474 fuga
379 2409 500 2460 isteron
511 2407 638 2462 adiureti
649 2414 738 2460 tecum
749 2407 831 2474 rugis.

32 2478 108 2524 (inus
118 2475 207 2527 animi
220 2475 410 2540 deponendum
418 2483 472 2530 est:
488 2491 543 2528 oon
555 2483 619 2530 ante
631 2477 680 2530 tibi
690 2477 762 2528 ullus
774 2476 833 2542 pia·

30 2542 105 2592 cebit
116 2543 209 2594 locus.
244 2545 341 2596 'l'elem
353 2561 425 2596 nuno
436 2560 497 2596 esse
505 2543 630 2598 habitum
642 2554 717 2596 tuum
730 2545 832 2610 cogita,

30 2609 146 2670 qualem
158 2609 294 2676 Virgilius
306 2619 402 2672 noster
412 2614 484 2666 ratis
498 2613 618 2675 inducit,
635 2617 689 2666 iuni
709 2614 831 2662 eoncita-

30 2681 72 2730 tae
84 2684 116 2732 et
125 2679 295 2748 instigatae,
310 2681 481 2748 nutumque
491 2679 619 2734 habentis
633 2683 662 2732 iu
674 2693 705 2730 se
718 2675 832 2741 spiritus
905 2733 907 2738 ¹
977 2679 982 2690 “
