2112 3184
261 199 700 304 ouss'1·o13nn.w.'⁴
756 197 849 308 2²¹⁷
929 243 932 248 ·

50 348 130 401 simui
143 349 280 410 exierunt,
300 334 507 416 excalceantur,
528 359 557 404 et
576 355 611 407 ad
623 359 757 408 staturam
771 371 850 408 suam

48 421 174 471 redeunt.
208 417 296 470 Nemo
312 418 445 482 istarum,
465 436 534 488 quos
549 422 663 478 divitiae
675 426 851 495 honoresque

48 491 77 540 in
90 489 190 540 altiore
201 485 315 556 fastigio
332 495 451 553 ponunt,
472 506 587 558 magnus
606 501 656 546 est.
689 493 736 548 24.
757 497 865 559 Quarex
940 527 942 538 ,

49 573 116 626 ergo
136 571 252 623 magnus
268 556 396 610 uideturi
418 559 484 610 cum
501 560 563 610 basi
577 560 719 618 illumcua
731 566 850 618 metiris.

48 628 111 679 Non
123 632 166 678 est
177 641 292 693 magnus
306 627 435 692 pumilio,
455 629 526 680 licet
536 629 670 682 inmonte
681 637 850 687 constiterit:

47 697 181 764 colossus
194 695 413 762 magnitudinem
425 713 504 754 suom
516 699 654 763 servabit,
676 696 786 752 etiamsi
796 711 851 756 ste·

46 766 153 818 teritio
164 772 259 832 puteo.
294 766 357 816 lioc
365 764 525 818 laboramus
538 776 645 820 esnone:
661 767 703 820 sic
714 769 793 820 nobis
802 773 851 821 im·

45 835 177 902 ponitur:
189 833 262 902 quod
274 836 410 888 neminem
421 837 599 891 aestimamus
613 853 646 888 eo
658 836 790 904 quodest,
801 839 853 890 sed
875 846 879 854 “

45 903 193 958 adiicimus
212 902 255 955 iili
278 910 307 956 et
328 920 370 967 ea,
393 906 492 974 quibus
509 907 661 959 adornatus
680 899 742 959 est)
768 907 850 973 Atqui

46 974 220 1042 quumvoies
232 985 324 1034 veram
336 973 457 1029 hominis
472 978 697 1032 aestimationem
713 976 800 1040 inire,
823 983 853 1029 ei

44 1045 119 1094 scire
131 1043 219 1110 qualis
229 1043 274 1104 sit,
295 1045 396 1096 nudum
408 1045 522 1113 inspice.
556 1045 599 1104 25.
616 1045 707 1098 Ponat
719 1045 852 1113 patrimo·

44 1114 136 1173 nium,
155 1115 243 1178 ponat
262 1110 393 1182 honores,
415 1121 443 1165 et
465 1117 521 1166 alia
542 1113 671 1168 fortunae
691 1115 851 1167 mendacia:
932 1169 942 1184 ,y

44 1184 245 1248 corpusipsum
258 1186 354 1231 exuat:
377 1183 498 1234 animum
509 1185 634 1247 intuere,
655 1185 746 1250 qualis
763 1199 851 1250 quan·

42 1258 145 1318 iusque
157 1249 209 1310 sit,
229 1247 321 1300 alieno
337 1265 372 1300 an
387 1265 437 1302 suo
452 1267 576 1321 magnus.
613 1253 642 1303 Si
658 1254 743 1304 rectis
760 1252 850 1328 oculis

40 1319 154 1389 gladios
165 1319 299 1369 micantes
309 1317 401 1382 videt,
422 1325 450 1371 et
464 1320 488 1370 si
499 1322 554 1371 scit
564 1336 615 1373 sua
625 1321 694 1372 nihii
706 1323 852 1384 interesse,

40 1396 138 1440 utrum
151 1387 245 1438 anima
255 1401 305 1452 per
316 1401 415 1448 os„an
427 1402 476 1454 per
486 1389 610 1456 iugulum
622 1395 718 1454 exeat,
737 1391 851 1446 beatum

39 1472 122 1511 voca.
159 1457 203 1519 Si,
225 1470 309 1522 quum
324 1455 367 1506 iiii
384 1456 550 1509 denuntiata
564 1464 629 1510 sunt
647 1459 773 1526 corporis
790 1466 856 1520 tor-A

37 1521 148 1590 menta,
169 1531 197 1578 et
211 1539 282 1592 quae
294 1538 359 1576 casu
371 1527 500 1594 veniunt,
511 1533 540 1579 et
551 1543 620 1594 quae
632 1529 798 1594 potentioris
809 1530 850 1582 in·
946 1585 949 1590 ,

37 1597 128 1658 iuria,
141 1594 165 1646 si
176 1593 287 1644 uinculo
299 1595 327 1646 'et
339 1595 446 1660 exsilia,
467 1603 495 1650 ct
505 1613 590 1648 vanos
602 1597 781 1654 humanarum
793 1597 849 1653 iot·-

37 1665 165 1721 midines
175 1665 317 1728 mentium,
327 1681 441 1718 securus
451 1667 535 1730 audit,
547 1674 576 1722 et
587 1667 665 1734 dicit,

176 1755 180 1764 ¹
272 1738 284 1758 ⁸
320 1736 630 1801 -Noouliaiadorum,

81 1800 203 1872 Ooirgm
214 1817 283 1856 nova
293 1803 428 1878 misociet
439 1805 580 1874 inopinave
591 1806 695 1877 iurgii:

81 1869 182 1926 Omnia
192 1872 328 1941 praecepi,
339 1885 420 1942 etque
430 1876 518 1928 omino
531 1889 632 1928 mecum
643 1874 812 1942 ipsepe'regi.

22 1942 86 1998 26·
100 1943 147 1998 Tu
157 1939 240 1992 hodie
250 1943 306 1992 ista
317 1941 463 1994 denuntias
498 1945 550 2008 ego
567 1957 675 2012 semper
686 1941 848 1994 denuntiavi

37 2010 129 2074 mihi,
148 2015 177 2062 et
192 2007 331 2060 hominem
344 2009 439 2074 paravi
449 1980 484 2062 ad
496 2009 631 2062 humanas
659 2009 848 2075 Praecogitati

33 2078 380 2136 insolimollisictusvenit.
402 2081 438 2132 ut
452 2079 548 2129 stultis
557 2084 588 2128 et
594 2078 722 2129 fortunae
734 2079 848 2130 creden·

32 2153 135 2212 tibus',
151 2145 362 2200 omnisvidetur
372 2159 545 2198 navarorum
557 2153 585 2198 et
597 2147 741 2213 inopinata
752 2143 848 2202 facies.

1 2232 2 2237 ¹
33 2221 148 2286 Magna
157 2223 249 2270 autem
261 2231 324 2284 pars
335 2222 378 2268 est
391 2215 465 2282 apud
475 2215 618 2283 imperitos
629 2214 709 2276 mali,
727 2215 847 2272 novitas.

33 2292 107 2344 Hoc
117 2292 148 2339 ut
158 2286 241 2349 scias,
251 2301 365 2352 eaquae
376 2267 748 2354 putaveruntaspenmquuln
756 2299 849 2339 assus·

32 2359 277 2424 vere,patiuntur.
296 2351 486 2422 ideo.'sapiens
498 2354 847 2412 assuesciti'utuuismoiise

30 2432 72 2483 et
84 2441 154 2492 quae
165 2425 214 2478 aiii
226 2424 272 2477 diu
285 2425 416 2492 patiendo
428 2425 501 2478 levia
511 2423 626 2488 faciunt,
637 2423 683 2477 hic
693 2419 849 2480 laviniacit

31 2493 848 2564 diucogitando.Audimusaiiquandovocesimperiton'um,

31 2565 208 2620 dicentium:
231 2563 356 2617 Sciebam
372 2563 425 2616 hoc
441 2564 648 2618 mihirestaret‘
659 2563 774 2629 Sapiens
784 2563 848 2626 scit,

30 2631 847 2702 sibiomniarestare:quidquidfactumestdicitsciebam.

188 2733 470 2786 ‘EPISTOLA
505 2731 668 2788 Lxxvn.

25 2804 139 2856 Narrat
145 2799 223 2846 obiter
230 2802 435 2845 chleaeaudriniu
441 2799 544 2845 navibus
552 2821 559 2845 .-
568 2801 626 2844 als'is
632 2785 816 2853 coamantibus,
823 2781 848 2848 ts

65 2855 209 2916 aeglwine·
220 2855 439 2908 ownncntmista,
446 2855 625 2918 uniquamdt’ui
632 2858 774 2912 sensatum,
780 2857 846 2929 abeo.

472 3045 483 3070 N
539 3062 540 3070 n
