2120 3216
137 165 173 219 ’-
273 191 558 256 nrrsrousr.
592 200 637 263 ot.
803 165 905 260 15⁵¹

51 327 119 368 mes
138 293 256 382 speres.-
277 313 351 367 hllbi
370 320 445 370 eerte
460 309 593 386 temporis
608 321 725 378 multum
741 321 855 377 aul'erre

51 385 131 436 solet
142 383 343 450 contemplatio
353 386 414 451 ipsa
424 389 595 452 sapientiam
612 407 665 444 non
676 394 761 447 aliter
774 394 856 446 illam

48 454 174 506 intueor
191 451 415 518 obstupefactus,
436 469 517 522 quam
536 456 627 522 ipsum
646 462 758 516 interim
778 477 857 514 ntun-

50 521 136 584 dum,
157 535 334 589 quamsaepe
350 529 480 591 tanquam
497 532 640 590 spectatur
653 546 740 583 novus
761 531 855 587 rideo.

48 591 184 644 Veneror
199 591 294 658 itaque
309 591 421 644 inventa
435 593 604 659 sapientiae,
624 595 853 668 inventoresque:

49 659 133 732 adire
144 664 274 727 munimur
286 660 437 714 multorum
449 660 632 716 hereditatem
641 664 728 717 iurat.
745 670 770 720 d.
781 669 853 723 hiihi

50 729 113 780 ista
123 729 272 795 acquisita,
284 727 350 780 mihi
362 730 492 784 laborata
501 738 575 784 sunt.
611 731 667 786 Sed
680 735 794 800 agamus
804 739 855 789 bo·

51 811 120 848 num
131 797 379 865 patremfamiliam
401 800 535 854 faciamus
545 800 686 868 ampliora
696 817 767 869 quae
777 817 855 858 acce·

51 865 855 1008 iit⁰lsliiiiltitiiiit„t⁰inlidititur

560 974 569 1002 '
843 965 855 982 Ι

51 1003 109 1056 bit:
125 1019 179 1056 nec
189 1005 242 1056 ulli
254 1012 322 1058 nato
333 1013 398 1074 post
408 1008 488 1060 mille
499 1009 799 1076 seculapraeeludetur
809 1023 856 1062 oo·

54 1073 255 1142 casio,aliquid
266 1073 526 1132 adhueadiiciendi.
542 1077 597 1130 Sed
610 1080 721 1132 etiamsi
730 1079 827 1134 omnia
836 1094 856 1132 a
870 1079 875 1088 '

51 1143 198 1195 veteribus
217 1143 332 1198 inventa
351 1150 430 1196 sant:
456 1145 510 1198 huo
530 1162 642 1212 semper
661 1161 763 1200 novum
788 1149 854 1213 erit,
951 1145 957 1156 “

52 1227 134 1274 usus,
157 1217 187 1264 et
199 1211 374 1264 inventorum
389 1214 425 1266 ab
440 1215 506 1266 aliis
522 1215 639 1267 seientia
654 1223 682 1270 et
697 1217 854 1284 dispositio.

52 1282 78 1332 7.
97 1279 172 1332 Puta
181 1281 281 1334 relicta
290 1283 371 1346 nobis
382 1283 599 1347 medicamenta,
611 1285 852 1352 quibusmuaren·

51 1351 198 1401 turuouli:
210 1366 265 1402 nou
277 1365 347 1418 opus
357 1357 401 1404 est
411 1351 479 1404 mibi
489 1353 546 1406 alia
555 1368 702 1419 quaerere:
720 1354 770 1408 sed
781 1353 852 1408 haeo

53 1425 163 1470 tautum
184 1420 275 1472 modis
297 1427 325 1473 et
344 1422 516 1487 temporibus
535 1421 659 1488 aptanda
678 1429 752 1476 suut.
788 1423 853 1476 lloo
934 1433 936 1438 ’

52 1488 191 1555 asperitas
215 1490 359 1556 oculorum
380 1491 553 1544 conlevaturs
579 1490 633 1544 hoe
658 1491 870 1559 palpebrarum,

52 1558 211 1614 crassitudo
219 1564 361 1612 tenuatur:
381 1555 435 1614 hoo
445 1559 486 1612 vis
497 1559 590 1615 subita
600 1566 629 1616 et
639 1557 740 1618 humor
751 1561 853 1618 sreni-

52 1633 113 1680 turs
132 1627 188 1680 hoo
196 1628 306 1694 aeuitur
317 1627 401 1682 visus.
412 1647 418 1698 ᾗ
437 1629 526 1684 Taras
537 1632 593 1684 ista
608 1639 734 1699 oportet,
750 1641 783 1694 ,et
798 1633 850 1686 eli-

8 1735 9 1762 }
51 1711 101 1764 gas
110 1703 231 1763 tempus,
242 1696 374 1754 adhibeas
384 1697 503 1766 singulis
514 1702 634 1754 modum.
670 1703 696 1756 8.
707 1702 798 1756 Animi
808 1718 851 1756 re·

50 1767 145 1818 media
155 1767 268 1818 inuenta
278 1774 344 1819 sunt
354 1768 535 1835 abantiquis:
548 1771 686 1838 quomodo
697 1778 791 1826 autem
803 1773 851 1824 ad·
909 1815 918 1820 -

50 1841 231 1898 moveantur,
251 1841 301 1888 aut
311 1837 435 1904 quaudo,
450 1841 541 1892 nostri
550 1841 641 1907 operis
653 1845 696 1894 est
707 1854 851 1906 quaerere.

50 1904 172 1956 Multum
184 1909 313 1972 egerunt,
324 1905 450 1970 quiante
461 1920 512 1958 nos
520 1907 643 1972 suenrus,
653 1910 703 1960 sed
716 1922 771 1958 nun
783 1921 857 1972 per·.

52 1979 182 2040 egerunt:
204 1973 374 2038 suspiciendi
394 1978 488 2026 tamen
510 1983 588 2037 sunt,
608 1981 638 2027 et
655 1978 713 2026 ritu
734 1975 851 2026 deorum

51 2041 173 2094 sulendi.
191 2041 294 2105 Quidni
304 2054 356 2106 ego
367 2055 530 2107 magnorum
540 2045 663 2094 virorum
673 2048 702 2094 et
714 2042 850 2106 imagines

52 2109 183 2173 habetem,
204 2109 388 2162 incitamenta
407 2108 506 2170 animi,
527 2115 558 2161 et
575 2111 683 2161 natales
697 2109 851 2160 eelebrent

50 2180 75 2232 9.
96 2179 201 2244 Quidni
225 2178 291 2229 illos
312 2174 427 2228 honoris
453 2190 538 2230 eausa
562 2192 673 2244 semper
697 2175 867 2244 appellemi-
901 2214 904 2222 ,

51 2251 142 2312 Quam
167 2246 378 2301 venerationem
406 2247 634 2313 praeceptoribus
658 2248 727 2299 meis
751 2244 850 2311 debeo,

51 2319 167 2372 eandem
182 2317 241 2368 illis
257 2315 483 2383 praeceptoribus
499 2317 607 2382 genesis
618 2315 744 2379 humani,
764 2320 864 2384 aquis·

50 2387 102 2438 bus
117 2389 189 2439 tanti
200 2385 267 2439 boni
283 2384 365 2438 initia
376 2383 530 2438 fluxerunt,
559 2385 590 2438 si
601 2386 741 2440 consulem
751 2385 850 2440 videro

52 2462 100 2508 aut
108 2461 276 2524 praetorem,
288 2455 382 2506 omnin
392 2453 490 2522 quibus
500 2453 588 2509 honor
599 2455 694 2510 haberi
704 2455 790 2519 solet,
805 2455 852 2514 faa
947 2495 950 2502 r

52 2526 138 2578 ciam:
160 2539 230 2591 equo
244 2523 384 2584 desiliam,
404 2525 677 2592 reputamur-ian,
693 2525 794 2578 semita
805 2539 849 2578 oe·
938 2532 945 2538 ’

52 2594 125 2648 dam.
161 2593 234 2658 Quid
251 2593 335 2661 ergol
363 2591 487 2646 Marcum
498 2595 805 2660 Catonemntrumque‚
820 2599 851 2646 el

18 2705 23 2710 .
49 2662 369 2727 Laelium‘Sapientem,
390 2669 419 2716 et
433 2662 577 2716 Socratem
593 2673 655 2715 oum
665 2661 797 2722 Platone,
819 2665 852 2712 et

50 2733 205 2798 manem,
222 2729 439 2801 Cleanthenque
454 2730 621 2786 inanimum
633 2745 724 2786 aream
733 2731 795 2786 sine
805 2727 851 2784 di·
937 2740 943 2758 ⁸
