2136 3192
245 187 279 242 ot
529 185 754 244 SENECAE

243 308 302 359 bus.
330 305 368 357 Et
378 307 438 374 quis
450 307 538 358 exitus
551 308 709 368 emmelim,
720 319 801 371 quiam
813 303 842 355 in
851 305 933 357 tinem
943 321 1036 370 suum,

242 382 341 426 nature
351 375 490 437 solvente,
505 374 610 428 ditabit
641 376 702 426 Non
715 374 780 439 quin
791 373 898 440 aliquid
908 375 975 424 mali
992 384 1035 428 est

241 447 327 505 ictus,
349 448 377 495 et
397 459 412 496 e
432 444 492 494 vita
507 443 667 510 repentinus
679 457 822 493 excessus:
850 440 899 491 sed
915 443 980 506 quia
994 443 1034 494 le-

240 511 283 561 nis
301 510 368 562 bueo
378 512 423 563 via
442 518 498 574 est,
513 511 639 563 subduci.
674 509 701 560 4.
716 509 777 576 Ego
788 515 878 571 corte,
893 509 970 562 veiut
986 525 1034 576 ep-

239 581 406 646 propinquet
427 581 658 646 experimentum,
679 582 708 628 ct
726 577 774 628 iile
795 579 902 628 laturus
924 582 1034 628 sentcn-

236 648 307 698 tiam
328 647 362 700 de
382 648 508 699 omnibus
529 649 608 698 annis
628 645 696 696 meis
710 644 770 696 dics
785 645 905 708 venerit,
924 645 966 696 ita
986 659 1033 697 me

238 717 355 768 observo
369 721 398 767 et
407 715 548 782 alloquor:
574 708 671 772 „Nihil
681 716 757 770 est,“
771 712 898 775 inquam,
913 711 1033 774 „adhue

237 781 310 850 quod
329 788 378 833 aut
394 784 475 836 rebus
499 787 547 831 eut
561 777 653 828 verbis
668 776 856 828 exhibuimus:
876 779 948 830 levia
966 789 1034 832 sunt

235 851 294 902 isto
304 856 332 902 ct
342 847 454 901 foliacia
463 848 580 913 pignora
590 845 689 907 animi,
699 846 847 912 multisque
857 845 982 898 involuta
993 849 1034 899 lc-

235 916 456 983 nociniis:.quid
476 913 656 982 profecerim,
679 915 763 964 morti
786 913 941 966 crediturus
960 929 1034 967 sum.

112 981 114 988 ’
193 1006 198 1014 ’
234 985 260 1038 5.
278 986 340 1037 Νοιι
357 983 558 1050 timideitaque
569 995 721 1048 componor
732 982 768 1033 ad
780 982 856 1032 iilum
869 982 956 1044 diem,
975 997 1032 1050 quo

234 1052 351 1106 remotis
372 1049 494 1118 strophis
516 1066 549 1102 uo
567 1048 652 1112 funis,
669 1049 704 1101 de
719 1065 762 1102 me
775 1049 943 1102 iudicaturos
960 1067 1032 1112 sum,

233 1126 327 1172 utrum
339 1119 436 1186 loquar
446 1120 541 1183 fortia,
551 1134 585 1170 on
596 1118 727 1170 sentiamz
740 1118 872 1184 numquid
884 1118 1030 1170 simulatio

233 1187 319 1240 fuerit
335 1195 363 1240 et
377 1187 492 1250 mimus,
508 1185 642 1254 quidquid
658 1191 756 1237 contra
769 1185 909 1238 fortunam
924 1187 1031 1238 iactari

233 1255 381 1310 verborum
411 1257 621 1309 contumacium.
656 1255 778 1306 Remoto
794 1255 1031 1308 existimationem

232 1323 388 1376 bominum:
399 1325 481 1377 dubia
493 1337 601 1391 semper
613 1329 668 1386 est,
684 1329 713 1374 et
724 1324 752 1373 in
763 1329 869 1390 partem
879 1329 1029 1390 utramque

233 1392 375 1445 dividitur.
410 1394 531 1446 Remove
550 1391 653 1454 studio,
671 1396 760 1443 totam
785 1392 871 1442 vitum
889 1396 1028 1444 tractata:

231 1474 306 1517 mors
316 1461 352 1512 iic
363 1465 391 1512 te
400 1461 614 1526 pronuntiatura
625 1465 676 1510 est.
712 1459 738 1510 θ.
757 1459 800 1509 ita
811 1459 887 1522 dieo,
898 1457 1029 1526 disputa·

231 1529 322 1580 tiones
334 1532 362 1578 ct
373 1527 487 1579 literato
496 1527 650 1593 colloquia,
665 1529 694 1576 et
705 1539 740 1587 ex
752 1527 910 1594 praeceptis
919 1528 1028 1594 sapien·

231 1597 301 1646 tium
316 1595 401 1645 verba
416 1595 546 1657 collecta,
563 1600 591 1646 ot
606 1593 729 1644 eruditus
744 1608 848 1656 serino,
863 1609 919 1646 non
936 1602 1029 1648 osterr-
1066 1613 1067 1618 ¹

229 1662 299 1714 dunt
325 1676 418 1714 verum
436 1663 528 1722 ¹robur
548 1661 648 1726 animi;
674 1662 801 1713 estenim
821 1663 913 1714 oratio
940 1663 1028 1716 etiam
1065 1697 1066 1700 =

230 1730 415 1783 timidissimis
439 1732 542 1782 nudor:
564 1729 629 1798 quid
654 1730 760 1798 egeris,
781 1735 847 1781 tunc
871 1733 1029 1798 apparebit,

250 1815 314 1850 uum
330 1801 448 1850 animem
465 1813 539 1865 ages.
574 1797 687 1865 Accipio
702 1797 903 1861 conditionem,
917 1815 974 1852 non
988 1817 1030 1853 re·
1064 1805 1065 1845 i

229 1815 349 1920 inimico
367 1867 527 1919 iudicium.“
562 1869 642 1919 iiaee
657 1880 763 1918 mecum
782 1865 896 1933 l'oquort
916 1869 970 1922 sed
988 1877 1030 1920 te·
1063 1887 1064 1940 t

231 1951 292 1988 oum
308 1950 418 2004 quoque
433 1950 476 1988 me
492 1935 614 2004 ineptum
632 1945 709 2002 puto.
743 1936 769 1986 7.
787 1935 880 1986 Iunior
889 1935 938 1988 esi
958 1939 1033 2004 quid

229 2005 334 2058 referti
356 2021 410 2057 non
421 1999 631 2058 dinumerantur
641 2005 714 2056 anni.
749 2005 953 2066 incertumst,
969 2021 1030 2073 quo
1062 1985 1063 2032 ¹

229 2081 258 2126 te
271 2075 334 2126 loco
349 2089 424 2128 mors
440 2078 592 2140 exspectet:
614 2073 709 2139 itaque
723 2078 755 2123 tu
769 2073 846 2124 iilam
863 2072 938 2123 omni
960 2074 1032 2125 ioco
1061 2061 1062 2124 i

230 2149 368 2208 exspecto.
402 2139 497 2194 Finire
507 2141 563 2192 iam
573 2141 715 2202 volebam,
731 2147 759 2192 et
771 2155 867 2192 nsanos
879 2143 1035 2206 spectabat
1060 2153 1061 2218 t

229 2209 266 2278 nd
281 2209 445 2260 clausulam:
464 2209 514 2261 sed
530 2208 701 2260 conficienda
715 2214 780 2258 sunt
800 2221 891 2260 sacre:
913 2213 943 2260 et
959 2208 1035 2262 huie
1057 2223 1060 2312 Α

228 2276 363 2342 epistolio
374 2277 506 2328 viaticum
516 2275 635 2328 dundum
646 2280 697 2326 est.
716 2273 788 2326 Puta
798 2289 842 2328 me
852 2291 906 2327 non
917 2275 1034 2341 dicere,

228 2343 302 2394 undo
317 2350 458 2395 sumturus
475 2344 525 2394 sim
540 2349 681 2394 mutuum:
702 2345 755 2394 seis
772 2345 849 2395 cuius
864 2357 940 2396 urea*
952 2353 1036 2400 utor.

225 2411 254 2462 8.
272 2409 410 2480 Exspecta
429 2411 572 2478 pusillum,
587 2409 661 2463 etde
680 2409 762 2461 domo
783 2413 833 2463 tiet
850 2417 1038 2468 numeratioz

162 2501 165 2506 ,
226 2477 338 2529 interim
354 2477 540 2531 commodabit
556 2478 707 2544 Epicurus,
725 2480 770 2546 qui
781 2480 835 2531 ait:
862 2481 1012 2544 „Meditor

227 2549 321 2597 utrum
338 2545 506 2598 commodius
517 2546 569 2607 sit,
581 2545 626 2598 vcl
639 2553 757 2599 mortem
771 2549 892 2600 transire
908 2549 945 2600 ad
963 2546 1034 2603 nos'

226 2613 273 2666 vei
289 2627 339 2665 nos
355 2613 391 2665 nd
406 2616 494 2666 eum.“
529 2615 584 2666 iiic
618 2617 678 2666 atet
692 2629 796 2669 sensus.
831 2617 960 2683 Egregia

227 2687 279 2744 cst,
288 2687 404 2736 mortem
416 2680 583 2738 condiscere.
593 2629 797 2752 guperseeuum
807 2681 927 2738 forsitan
938 2694 1034 2763 pota}
