2136 3192
208 160 244 216 aa
354 111 359 120 ⁵
496 137 715 214 s'auacsu
810 151 814 155 “
904 143 924 190 ’ν

210 279 269 334 dies
279 272 380 346 gradus
390 281 433 331 est
443 273 526 330 ritae.
541 273 614 332 i‘ota
625 279 702 333 aetat
712 275 837 346 partibus
848 278 1002 341 consistet

211 343 292 398 ortes
311 345 399 416 habet!
413 340 615 398 circumductos
636 346 762 402 nralores.
778 343 957 398 mitioribus.'
974 346 1000 396 d.

210 412 263 466 Est
277 413 393 479 aliquis,
409 415 454 478 qui
472 428 566 466 earnes
581 410 786 481 complectatur
796 421 824 466 et
834 415 940 480 cingat:
952 409 1001 464 iric

209 484 364 550 pertineto
381 481 469 532 natali
486 481 521 532 ad
533 481 606 533 dlem
623 490 789 534 extremums
806 480 1001 546 eststter‘squi

210 562 298 602 annos
310 548 517 601 adolescentiae
535 550 667 601 excludit:
687 558 730 602 est
745 551 892 618 quitatem
913 549 1003 613 pueri·

209 621 278 668 tiam
290 617 395 667 ambitu
406 631 456 668 suo
468 617 625 685 adstringit:
636 624 679 671 cst
689 619 787 670 deinde
797 619 857 683 ipse
868 630 964 677 annus,
973 615 1003 670 iu
1036 621 1041 635 ’

210 699 241 737 re
252 685 345 736 omma
356 685 498 738 continens
510 685 649 750 tempora,
666 699 781 752 quorum
795 682 1003 750 multiplicatio·

209 768 246 808 ue
261 755 319 804 rita
334 753 515 818 componitur.
561 753 667 804 Mensis
679 754 799 804 arctiore
814 753 1003 818 praecingitur

210 821 329 891 circulo:
348 820 572 886 arigustissimum
588 819 673 872 habet
695 820 754 872 dies
770 835 884 888 gyrumc
903 818 952 871 sed
974 824 1004 872 et

209 887 254 938 hic
268 889 303 939 ab
318 886 448 937 initioad
458 887 561 938 exitum
575 888 663 952 venit,
683 889 718 946 ab
734 895 798 939 ortu
814 887 850 938 ad
866 900 1004 941 occasuro.
1055 893 1056 918 ³

139 987 142 995 ›
208 955 276 1007 ldoo
291 953 466 1017 Heraclitus,
481 955 526 1006 cui
547 967 698 1022 cognomen
714 955 845 1007 Scotinou
860 953 928 1008 iecit
943 967 1004 1004 ora·

208 1023 294 1074 tionis
312 1020 480 1087 obscuritnsc
511 1025 637 1085 „Unus,“
651 1023 756 1090 inquit,
771 1022 849 1074 “dies
863 1035 913 1087 par
929 1019 1004 1073 omni

209 1091 282 1144 est“
318 1089 344 1140 7.
362 1089 425 1140 Hoc
436 1090 508 1142 alius
519 1091 602 1142 aliter
612 1091 731 1157 accepit:
746 1091 816 1142 dixit
827 1091 896 1142 enim
909 1100 1004 1155 parem
1056 1093 1057 1162 l

209 1173 270 1211 esse
283 1153 373 1222 horis:
393 1171 445 1208 nec
458 1159 599 1210 mentitur.
633 1159 704 1212 Nam
719 1159 745 1210 si
761 1158 814 1209 diis
834 1163 942 1222 tempor
960 1161 1006 1212 esi
1056 1165 1057 1200 l

142 1284 145 1292 ⁴
209 1221 1005 1363 lltlllltt‘ttzlttttlrtitt'ztttttt‘tlltti‘

179 1367 181 1374 '
208 1361 287 1416 Alius
304 1359 357 1423 ait,
371 1375 464 1426 parem
481 1377 542 1414 esse
556 1377 640 1413 unum
651 1363 722 1415 diem
735 1362 860 1413 omnibus
874 1360 1002 1412 similitu·

123 1431 128 1436 '
203 1429 287 1480 dinc:
299 1427 371 1478 nihil
381 1429 454 1480 enim
465 1428 548 1482 habet
558 1430 715 1496 longissimi
726 1431 857 1496 temporis
871 1429 1004 1494 spatium,

209 1495 283 1560 quod
298 1509 353 1544 non
369 1494 398 1546 in
412 1509 468 1546 uno
485 1495 531 1546 die
548 1497 684 1560 invenias,
699 1496 827 1548 lucemet
836 1503 958 1556 noctem,
974 1501 1005 1547 ct

208 1564 238 1613 in
250 1561 373 1613 alternus
388 1561 481 1612 mundi
497 1563 571 1614 vices
589 1564 669 1630 plura
687 1563 756 1615 iacit
774 1565 842 1624 ista,
862 1577 915 1614 non
938 1565 1005 1626 alia,

210 1630 282 1682 alius
295 1629 477 1693 contractior,
489 1629 559 1681 alias
571 1630 740 1697 productior.
775 1631 871 1695 ltaque
882 1629 922 1680 sic
932 1631 1009 1681 ordi·

210 1698 319 1749 naudus
334 1703 376 1748 est
392 1697 450 1750 dies
467 1700 570 1759 omnis,
590 1705 722 1764 tanquam
738 1704 820 1764 cogat
841 1709 956 1764 agmen,
977 1704 1009 1749 et
1058 1701 1059 1728 ³

211 1771 385 1818 consummet
400 1773 484 1833 atquc
499 1766 611 1832 expleat
623 1766 718 1818 vitum.
752 1767 778 1818 8.
794 1764 941 1826 Pacuvius,
956 1766 1008 1832 qnt

211 1831 320 1900 Syriam
338 1849 387 1884 usu
403 1849 480 1886 suam
496 1833 577 1896 iecit,
596 1843 678 1900 quum
694 1833 799 1886 rinoet
813 1832 871 1884 illis
881 1831 1007 1884 funereis

211 1901 302 1968 epulis
316 1901 369 1953 sibi
383 1905 591 1966 parcntuvcrat,
603 1903 644 1954 sic
656 1905 685 1954 in
695 1901 849 1954 cubiculum
863 1899 1007 1954 ferebatur

211 1985 230 2022 a
240 1983 340 2030 coena,
359 1975 392 2020 ut
405 1971 479 2022 inter
492 1970 607 2036 plausus
621 1971 795 2024 exoletorum
811 1966 864 2020 lioc
876 1968 912 2019 ad
932 1983 1007 2034 sym-

211 2035 340 2106 phoniam
353 2043 510 2090 caueretur:
519 2035 655 2103 βεβίὼται,
666 2039 798 2104 βεβίωται.
815 2035 899 2088 Nullo
909 2049 963 2086 non
975 2047 1006 2088 aa

213 2106 259 2158 die
274 2105 384 2162 extulit.
417 2106 482 2160 lloc
498 2105 571 2174 quod
585 2105 635 2158 ille
651 2119 687 2157 ex
702 2105 775 2156 mala
786 2103 1007 2155 conscientiaru-

212 2174 317 2235 cicbat,
330 2188 382 2224 nos
399 2188 434 2226 ex
449 2173 523 2226 bona
537 2173 684 2236 iaciamus,
704 2177 734 2225 et
748 2172 777 2225 iu
792 2185 918 2226 sumnum
935 2171 1006 2226 ituri

212 2241 280 2294 laeti
292 2239 449 2309 hilaresque
460 2242 597 2294 dicamus:
806 2271 809 2282 ι
852 2247 862 2285 t

270 2306 349 2361 Vixi:
361 2316 396 2370 et,
406 2325 483 2390 prtem
494 2310 606 2361 dederat
616 2307 861 2382 sacrumfactum,
869 2305 972 2377 peregi

214 2375 372 2428 crastinum
388 2391 414 2426 sr
427 2376 560 2430 adiecerit
574 2375 666 2434 Deus,
681 2375 750 2428 iacti
769 2379 944 2444 recipiamus.
978 2373 1006 2428 9.

212 2442 266 2498 ille
280 2445 458 2497 beatissimus
472 2449 516 2496 est
535 2449 565 2496 et
584 2455 698 2495 securus
716 2446 759 2496 sui
779 2457 939 2512 possessor,
954 2441 1010 2509 ¹qul

214 2513 364 2564 crastinum
377 2514 435 2564 sine
445 2511 625 2563 solicitudine
641 2517 792 2578 exspectat.
826 2511 958 2578 Quisquis
967 2511 1009 2564 di·

187 2581 267 2631 ·xit=
296 2577 412 2644 „Vmi,“
434 2579 559 2647 quotidie
576 2579 610 2630 ad
626 2578 732 2632 lucrum
748 2579 847 2650 surgit.
882 2579 938 2632 Sed
952 2581 1009 2632 iam

215 2649 301 2705 debeo
314 2647 459 2722 epistolum
469 2648 619 2708 includere·
645 2647 738 2717 „Simll
747 2649 848 2718 inquis,
857 2649 938 2718 ‚‚tlttt
947 2648 1008 2706 ullu
