2128 3192
189 175 241 234 222
476 163 696 222 SE'NECAE
751 195 755 203 -

276 254 286 278 s

354 277 618 378 urlsronn
639 309 823 370 Lx'xvur.
894 333 897 342 .

190 401 225 448 De
233 395 316 442 morlia
324 395 384 444 tum,
395 395 466 437 ettam
478 392 650 436 in'iuoentuter
661 391 684 429 et
693 397 752 440 puae
759 383 784 426 in
794 381 826 425 iis
836 375 998 423 tintsolatr’a.

218 456 329 501 Honetlcn
340 450 427 506 inquit,
438 448 527 494 studio,
539 446 639 500 itemque
648 439 735 484 omisi:
752 436 952 480 redimemus-uui
960 448 999 476 re-

192 536 198 566 p
219 509 328 556 medium,
339 511 487 560 contemptus
497 502 587 545 mortis.
610 498 645 542 Eo
655 501 725 540 uocat
734 493 904 540 Luciliumut
912 494 1001 536 contra

191 613 197 624 ί
220 565 327 610 dolorem
332 564 406 620 plura
417 558 519 608 disserit.
530 557 589 612 ulto,
600 553 714 600 animosa,
725 563 788 592 uera.

187 637 191 646 “
246 636 352 693 uexari
362 639 391 686 te
403 629 640 686 destillationibus
654 623 769 686 nebris,
786 636 825 672 ne
841 617 1009 675 febriculis.

193 721 265 776 quoe
280 705 381 773 longas
398 701 602 755 destillationes
614 702 643 748 et
659 689 933 747 inconsuetudinem
949 687 1022 739 ad-.

195 779 295 830 ductos
307 779 467 842 sequuntur,
479 785 512 822 eo
524 767 669 820 molestius
682 763 754 814 milri·
764 766 815 821 est,
826 759 893 826 quio
903 771 1002 824 exper-

194 855 245 906 tus
254 862 314 898 sum
326 842 379 894 hoo
390 837 475 909 'genum
487 835 665 890 i'aleiudinis:
678 831 751 900 quod
763 832 838 882 inter
849 827 1001 880 initiaoon·

130 911 132 924 '
182 915 286 976 temti·
318 913 432 964 Poterat
442 907 532 959 adhuc
544 900 862 956 adolescentieiniurias
874 897 960 958 ferre,
973 901 1003 946 et

194 1001 227 1040 se
248 984 379 1035 adiersus
400 979 512 1036 morbos
533 968 737 1025 contumaeiter
758 985 868 1038 gerere:
901 965 1002 1018 deinde

196 1051 343 1122 succubui,
364 1056 436 1102 eleo
449 1044 599 1114 perductus
610 1057 684 1104 sum,
703 1045 735 1092 ut
748 1041 811 1107 ipse
820 1036 1002 1090 destillarem.

198 1123 241 1178 Ad
252 1117 386 1174 summum
400 1117 513 1170 maciem
527 1113 676 1174 deductus,
698 1125 782 1176 saepe
792 1110 928 1174 impetum
940 1105 1006 1170 cepi

200 1188 405 1257 abrumpendae
416 1187 502 1240 ritae:
519 1184 608 1252 petris
620 1197 663 1234 me
675 1177 912 1244 indulgentissimi
922 1189 1004 1228 sene-

99 1261 102 1264 ’
200 1269 261 1314 etus
273 1260 396 1311 retinuit.
434 1256 565 1324 Cogitavi
575 1253 657 1312 enirn,
669 1263 815 1315 nunonem
828 1245 941 1298 fortiter
951 1258 1006 1312 ego

148 1379 152 1389 ,
200 1331 273 1386 mori
285 1344 410 1397 possem,
429 1327 479 1378 sed
491 1318 633 1393 puamille
648 1318 761 1370 fortiter
776 1315 935 1368 desiderare
948 1329 1007 1365 non

163 1421 167 1432 ·
200 1406 304 1469 posset.
313 1400 350 1466 ,2
362 1399 459 1464 itaquo
471 1393 605 1462 imperari
616 1389 683 1442 mihi
691 1393 724 1448 ut
736 1389 866 1439 viverem.
875 1384 1016 1450 Aliquod--

146 1517 150 1524 .
202 1471 238 1522 do
260 1469 333 1521 e'ninl
356 1467 497 1528 muliere,
520 1463 633 1527 fortiter
649 1459 742 1512 facere
759 1462 809 1507 est.
846 1451 926 1516 Quae
936 1451 1006 1504 mihi

200 1545 266 1589 tune
278 1535 506 1596 luerintsolatio,
519 1534 620 1585 dicam:
632 1529 655 1580 si
666 1527 742 1596 prius
755 1523 808 1578 hoo
820 1523 927 1585 dixero,
937 1521 1007 1574 huet

199 1607 263 1672 ipso
275 1607 373 1672 quibus
385 1604 609 1671 acquiescebam,
625 1598 782 1654 medicinae
793 1597 848 1648 vim
863 1589 1006 1646 habuisse.

119 1705 125 1710 ·
200 1677 232 1730 ln
252 1673 403 1726 remedium
426 1672 527 1724 cedunt
548 1670 666 1721 honesto
685 1666 800 1718 solatio:
822 1669 851 1716 et
872 1659 1007 1730 quidquid

200 1745 322 1797 animum
335 1743 434 1802 erexit,
455 1743 538 1790 etiem
550 1737 660 1802 corpori
670 1735 793 1802 prodest.
830 1732 930 1784 Studia
939 1727 1009 1782 mihi

201 1821 300 1870 nostru
314 1809 397 1867 soluti
413 1807 536 1860 fuerunt.
571 1803 770 1870 Philosophiae
787 1810 934 1868 occeptum
946 1799 1007 1852 iero
1049 1801 1050 1820 ¹

202 1883 276 1950 quod
286 1879 403 1942 surrexi,
414 1879 487 1946 quod
499 1875 641 1930 consului:
660 1875 704 1934 illi
716 1876 800 1928 uitem
815 1871 913 1933 debeo,
925 1876 954 1922 et
967 1870 1008 1920 ni-

202 1951 243 2005 hil
258 1953 302 2004 illi
318 1951 408 2004 minus
423 1945 521 2014 debeo,
558 1944 584 1998 3.
605 1945 725 1997 Multum
741 1941 1010 2002 mihieoutulerunt

203 2023 239 2074 ad
249 2024 350 2075 bonam
362 2020 550 2076 valetudinem
560 2015 653 2076 amici,
666 2021 789 2082 *quorum
802 2009 1009 2064 adhortationi·

202 2092 265 2155 bus,
286 2093 410 2160 vigiliis,¹
425 2089 601 2148 sermonibus
621 2083 773 2147 allerebnr·
811 2078 888 2134 Nihil
911 2095 1010 2146 aeque,

203 2161 296 2214 Lucili
309 2163 431 2214 virorum
441 2161 554 2228 optime,
567 2171 680 2223 aegrum
692 2153 782 2206 reiicit
793 2157 878 2218 atque
887 2150 1010 2209 adiuvat,

206 2245 288 2297 quom
310 2231 462 2286 amicorum
485 2229 616 2292 alienius:
636 2223 704 2276 nihil
720 2219 1009 2288 nequeoxspectatio·

203 2313 269 2353 nem
281 2297 377 2348 mortis
389 2313 422 2363 po
435 2304 537 2349 metum
554 2294 680 2361 surripit.
715 2293 776 2345 Non
787 2289 946 2342 iudicabam
958 2302 1010 2347 me,

206 2381 290 2434 quum
301 2365 366 2416 illos
378 2367 542 2432 superstites
553 2367 752 2431 relinquerenr‚.
761 2361 846 2412 moris
868 2359 1011 2426 putabam,

206 2437 328 2504 inquam,
351 2450 395 2485 me
406 2439 555 2496 victurum,
575 2449 630 2486 non
645 2432 785 2494 cumillis,
806 2427 856 2480 sed
868 2427 1009 2494 perillus:

206 2519 262 2558 non
282 2503 424 2557 effundere
442 2504 571 2569 spiritum
593 2501 661 2554 mihi
678 2499 872 2559 n'idebor„sed
889 2497 1008 2548 tradere.

195 2580 199 2585 ’
206 2575 233 2626 4
244 2577 320 2626 Haeo
331 2571 398 2636 mihi
412 2572 547 2624 dederunt
558 2570 731 2623 voluntatem
745 2568 896 2621 adiurandi
908 2581 962 2630 me,
983 2569 1010 2615 et

206 2644 332 2710 potiendi
346 2655 425 2692 omne
437 2645 613 2692 tormentum.
640 2640 750 2706 Alioqui
761 2635 949 2690 miserrimum
962 2639 1012 2694 est,

142 2761 143 2766 ,
209 2727 292 2777 quum
309 2711 428 2762 animum
447 2709 583 2760 moriendi
597 2709 765 2774 proleceris,
786 2723 842 2760 non
856 2703 962 2758 hebere
977 2703 1012 2753 ri-

208 2779 295 2830 vendi.
331 2778 372 2832 Ad
389 2778 458 2832 haee
473 2793 540 2848 ergo
555 2773 679 2830 remedie
696 2783 725 2830 te
738 2776 844 2830 confer.
883 2777 1012 2832 Medicus
