2112 3184
200 189 252 250 au
349 235 352 244 .
494 186 720 265 senecae

226 311 260 360 m
268 309 487 370 nliqoosuiarponte
497 307 638 360 abeuntium,
646 307 743 367 utferit
754 279 919 356 itareeiis'nur.
938 312 994 360 aaa

154 417 159 425 ,
226 376 310 416 centra
326 372 414 410 suetum
430 367 529 424 mortio:
545 367 694 422 rationesque
710 365 780 410 huius
799 370 941 412 temnendae.

250 441 346 494 Subito
363 439 445 492 hodie
457 436 536 490 nobis
547 437 750 500 Alexandrinae
766 455 851 490 naves
865 455 996 506 apparue-

195 517 273 573 runt,
294 525 363 576 quae
383 509 525 576 praemitti
545 508 680 559 soientet
701 510 831 586 nuutiape
854 515 996 563 secuturae

197 579 464 636 clessisadrc'ntum.
499 574 793 630 'l'abeiloriauvocant⁸
826 577 930 633 Gratus
942 581 996 630 ilia

195 663 257 703 rum
277 649 443 714 Campaniae
464 647 611 715 adspectus
627 653 678 700 est.
715 648 810 699 Omnis
830 650 858 698 in
870 649 935 714 pilis
945 650 995 701 Pu·

195 718 337 782 teolorum
349 707 583 779 turbaconsistit,
605 722 634 768 et
645 732 679 785 ex
690 717 751 782 ipso
763 732 865 784 genere
877 719 997 770 velorum

197 787 411 851 Alexandrinas,
422 787 546 852 quanvis
555 788 584 838 in
595 800 695 854 magna
706 787 911 852 turbanavium‚
922 787 999 840 intel·

196 855 271 925 ligit.
308 856 383 908 Solis
394 857 466 908 enim
479 857 545 908 licet
556 871 706 924 supparum
718 855 872 919 intendere,
887 857 961 924 quod
971 859 997 910 in

197 925 257 978 aito
272 941 366 978 omnes
380 923 484 978 habent
498 926 590 977 naves.
625 927 651 976 2,
673 925 757 976 Nuiia
772 926 846 976 enim
859 941 903 977 res
914 942 997 994 aeque

198 995 313 1050 adiuvat
324 1010 444 1058 cursum,
455 1010 537 1062 quam
551 1010 658 1046 summa
669 1009 733 1062 pars
746 995 813 1046 veli:
826 995 905 1048 illinc
916 999 999 1047 maxi·

196 1079 242 1116 me
253 1065 331 1118 uaris
343 1070 465 1132 urgetur.
499 1065 597 1132 ltaque
613 1066 724 1130 quoties
745 1071 844 1115 rectus
855 1067 998 1128 increbuit,

196 1135 343 1202 oraturque
364 1141 406 1186 est
429 1149 509 1201 quam
532 1134 665 1202 expedit„
679 1141 800 1188 antenna
818 1135 998 1186 submittitur.

194 1205 291 1258 Minas
306 1204 391 1257 habet
404 1203 500 1264 virium
515 1203 597 1258 ssatus
608 1220 644 1257 ex
660 1200 769 1256 hunriii.
805 1203 897 1265 Quum
917 1205 998 1258 intra·

195 1289 262 1328 vere
274 1275 395 1340 Capreas
406 1281 434 1326 et
445 1275 676 1341 promontorium,
686 1290 720 1327 ex
732 1288 786 1340 quo
880 1268 884 1284 ¹
980 1337 984 1344 ι

258 1343 324 1396 Alto
333 1347 483 1411 procelloso
495 1347 650 1412 speculatur
660 1343 761 1397 vertice
770 1343 877 1406 Palios,
932 1361 935 1366 ·

197 1417 307 1466 ceterae
319 1414 381 1465 velo
392 1414 524 1465 iubentur
535 1429 596 1466 esse
609 1420 768 1473 contentae:
779 1425 930 1478 supparum
937 1414 1002 1467 ‘Ale-

196 1482 517 1550 xandrinarum‘insigne
529 1489 579 1536 est.
599 1483 624 1536 3.
637 1483 667 1534 Ιιι
679 1482 732 1535 hor
742 1483 864 1534 omnium
876 1483 1003 1536 discursu

137 1593 143 1604 ι
196 1552 408 1618 properantium
422 1553 458 1607 ad
469 1551 545 1616 litus',
560 1567 686 1622 maguam
699 1567 733 1606 ex
744 1553 860 1620 pigritia
870 1567 933 1606 mea
944 1571 1003 1607 sen·

197 1619 417 1684 attemptatum,
437 1624 509 1686 qood
530 1624 665 1688 epistolas
682 1629 814 1684 meorum
828 1630 1005 1691 accepturus,

195 1691 409 1753 neuproperavi
420 1691 505 1752 scire,
521 1692 588 1758 'quis
600 1693 662 1743 iilic
678 1697 752 1744 esset
768 1706 860 1742 rerum
878 1708 1003 1746 mearum

196 1761 297 1817 status,
308 1756 373 1824 quid
385 1757 525 1825 afferrent.
552 1759 625 1810 Olim
637 1761 692 1810 iam
704 1757 758 1824 neos
766 1761 840 1826 perit
851 1763 1005 1830 quidquam

195 1825 274 1888 mihi,
284 1841 335 1878 neo
345 1827 507 1892 aequiritur.
537 1827 609 1890 Hoc,
622 1829 734 1880 etiamsi
746 1844 895 1882 senexnon
904 1833 1008 1896 essem,

196 1895 289 1950 fuerat
310 1895 498 1948 sentiendum
518 1912 594 1960 „nune
612 1913 679 1950 uero
700 1899 914 1967 multomagis,
939 1904 1009 1968 quia

196 1965 470 2034 quantutumcunque
492 1965 638 2033 haberem,
656 1961 834 2035 tamsrspius
858 1970 916 2021 iam
937 1972 1012 2024 mibi

196 2041 358 2102 superesset
368 2035 472 2099 viatici,
484 2051 565 2104 quam
576 2037 649 2091 riae:
666 2039 832 2105 praesertim
845 2053 932 2106 quum
946 2057 1011 2094 eam

196 2103 270 2156 riam
282 2104 368 2156 simus
381 2106 508 2172 ingressi,
519 2121 600 2173 quam
613 2122 747 2176 peragere
758 2124 814 2160 non
826 2117 870 2160 est
880 2125 1011 2163 neccsse.

194 2171 290 2234 ,alter
300 2175 490 2240 imperfectum
504 2178 565 2240 erit,
585 2176 650 2230 siin
660 2177 753 2230 media
763 2183 853 2244 parte,
869 2185 923 2230 aut
936 2181 1013 2232 citra

195 2242 312 2360 petitum
323 2241 419 2308 iocum
436 2245 561 2298 steteris:
580 2249 638 2299 vita
658 2261 713 2298 non
730 2251 772 2300 est
782 2247 963 2314 imperfecta,
986 2251 1013 2300 si

164 2331 168 2336 ·
217 2314 312 2362 onesta
324 2317 376 2361 est.
398 2311 559 2382 Ubicunque
570 2314 686 2379 desines,
699 2317 723 2369 si
734 2316 804 2368 bene
816 2315 936 2380 desinis,
946 2324 1014 2370 tota

183 2384 249 2452 est.
262 2401 265 2409 ·
278 2377 367 2443 Saepe
379 2386 472 2432 autern
484 2389 512 2433 et
522 2383 636 2438 fortiter
646 2380 826 2438 desinendum
839 2391 895 2447 est,
907 2393 940 2438 et
953 2402 1014 2440 non

197 2461 232 2500 ex
253 2446 380 2519 maximis
401 2450 501 2502 causis.
531 2443 608 2502 Nam
630 2469 683 2516 neo
701 2451 754 2506 hae
771 2455 914 2508 maximae
932 2454 1013 2520 su'nt,

126 2555 130 2560 .
195 2529 268 2584 quae
278 2529 329 2568 nos
342 2522 446 2567 tenent.
474 2517 587 2570 Tuitus
598 2521 789 2584 Marcellinus,
800 2537 881 2588 quem
896 2526 1014 2592 optimo

105 2636 109 2642 ,
194 2597 323 2646 noveras,
334 2581 498 2637 adoie'icens
510 2586 621 2654 quietuu
632 2597 661 2642 et
671 2591 726 2643 oito
738 2605 832 2654 senex,
852 2596 973 2658 morbo,
986 2600 1013 2646 ct

194 2666 250 2704 non
270 2651 419 2712 insanabili
439 2653 661 2722 conceptuum
681 2661 766 2728 longo
785 2666 816 2714 et
834 2663 968 2717 molesto
985 2669 1015 2716 et

193 2721 460 2789 uruitaimperante,
470 2729 561 2791 coepit
572 2727 876 2784 deliberaredemorte.
899 2731 1014 2785 &Con-

192 2791 304 2878 vocavit
313 2791 471 2860 comp‘lures
482 2795 599 2852 amicost
611 2801 811 2888 unusquisque,
822 2806 874 2854 aut
886 2803 966 2871 quia
978 2803 1014 2855 ti·
