2136 3192
224 147 259 218 rs
515 141 736 202 sunnone

223 265 289 316 itur.
315 231 404 324 Quam
416 261 479 314 ideo
491 263 590 314 timere
601 261 734 314 sternentis
746 266 797 323 est,
809 261 875 328 quia
887 265 960 313 certa
972 277 1015 312 ex·

225 336 394 396 spectantur,
416 331 500 381 dubia
517 337 687 381 metuuntur.
712 331 800 379 *Mors
821 330 1012 382 necessitatem

161 451 164 462 ,
225 399 308 451 habet
319 413 434 465 aequom
446 406 474 450 et
485 400 626 452 invictam.
662 398 730 459 Quis
742 399 818 465 queri
831 404 930 460 potest,
943 400 971 447 in
982 415 1013 450 ea

198 468 203 473 ’
224 467 382 519 conditione
393 481 423 516 se
436 482 504 528 esse,
513 467 540 516 in
552 480 607 531 qua
617 479 695 516 nemo
708 480 763 516 non
772 465 832 514 esti
844 465 1013 516 Primaenim

223 549 289 602 pars
308 535 458 600 aequitatis
479 540 522 584 est
541 534 705 598 aequalitas.
742 531 794 584 Sed
811 547 1014 598 nuncsuperra·

224 618 305 654 cuum
318 610 369 664 est,
380 609 497 654 naturae
508 617 617 652 causam
628 615 728 666 agerer
737 615 806 666 quae
818 615 871 650 noo
883 601 961 650 aliam
972 616 1015 650 ro-

223 670 279 720 luit
297 671 389 735 legem
411 677 532 720 nostram
554 683 628 732 esse,
655 683 736 734 quam
758 683 844 721 suam.
880 667 1015 734 Quidquid

225 739 389 804 composuit,
409 737 537 788 resolvit:
559 743 586 786 et
598 735 730 802 quidquid
742 735 866 798 resolvit,
878 736 1017 802 componit

223 805 335 858 iterum.
372 805 412 856 10.
431 806 487 856 lani
499 818 564 854 vero
574 805 599 854 si
610 806 656 854 cui
667 803 798 869 contigit,
812 809 843 853 ut
853 803 930 854 iilum
941 819 1017 856 sene·

210 881 287 926 ,otus
301 873 400 924 leuiter
416 874 571 936 emitteret,
594 886 648 922 non
663 881 776 935 repente
791 872 918 922 avulsum
938 876 1017 931 ritae,

214 943 274 992 seo
285 941 440 992 minutatim
453 938 683 999 subductum,nae
695 939 743 992 iiie
754 940 860 1004 gratias
871 954 952 1004 agere
964 939 1017 990 diis

226 1010 352 1060 omnibus
364 1007 453 1069 debet,
465 1007 538 1074 quod
547 1008 666 1058 satiatus
679 1007 713 1058 ad
725 1006 846 1072 requiem
860 1005 962 1058 homiui
973 1023 1018 1058 ne·

225 1077 384 1137 cessariam,
395 1077 468 1127 lasso
480 1073 597 1142 gratam,
608 1075 757 1140 perductus
770 1081 819 1124 est.
843 1075 928 1128 Vides
936 1090 1015 1141 quos-

226 1143 288 1194 dam
300 1150 428 1209 optantes
439 1151 564 1204 mortem,
576 1151 605 1196 et
617 1144 725 1208 quidem
737 1143 823 1208 magis
835 1158 915 1208 quarn
926 1144 1018 1209 rogari

224 1211 298 1264 solet
312 1212 378 1262 vita.
414 1212 514 1264 Nescio
529 1220 606 1264 utros
624 1212 781 1262 existimem
798 1211 929 1260 nmiorenr
940 1211 1017 1262 nobis

225 1281 346 1332 animum
359 1281 439 1331 dare:
456 1283 501 1346 qui
514 1280 666 1346 deposcunt
678 1286 803 1339 mortem,
813 1293 848 1328 an
859 1279 906 1344 qui
916 1277 1017 1328 hilares

227 1363 288 1399 eam
301 1349 442 1414 quietique
454 1351 641 1412 opperiuntur.
670 1348 806 1405 Quoniam
818 1345 888 1409 iliud
899 1360 932 1398 ex
943 1347 1018 1398 rabie

226 1417 375 1476 interdum,
397 1431 429 1466 ao
439 1417 582 1480 repentina
591 1413 783 1480 indignatione
794 1415 838 1462 iit:
858 1413 926 1466 haee
937 1429 971 1468 ex
981 1415 1019 1464 iu·

227 1482 300 1532 dicio
316 1491 392 1533 certo
408 1483 595 1548 tranquillitas
612 1489 663 1534 est.
701 1481 741 1532 ll.
760 1481 844 1532 Venit
864 1484 963 1548 uliquis
985 1483 1019 1532 nd

226 1557 343 1600 mortem
358 1551 445 1600 iratus
463 1552 557 1600 morti:
579 1551 734 1600 venientem
747 1565 826 1600 nemo
840 1548 936 1605 hilaris
948 1550 1018 1602 exti-

226 1617 282 1682 pit,
303 1617 355 1666 uisi
374 1619 420 1680 qui
436 1631 466 1666 se
483 1616 605 1666 odiliam
619 1617 665 1666 diu
677 1625 881 1682 composuerat.
916 1619 1019 1669 Fateor

208 1720 211 1726 ‚
227 1699 303 1750 ergo,
314 1685 347 1734 ad
358 1683 494 1734 hominem
505 1683 573 1734 mihi
584 1699 726 1746 aaronqex
737 1686 863 1748 pluribus
874 1701 917 1738 me
929 1688 1019 1738 causis

225 1753 397 1820 frequentius
410 1753 562 1813 venissent
573 1753 671 1804 scirem
684 1754 1020 1809 aniliumtotieseundem

205 1875 215 1892 f
226 1821 390 1873 invenirem:
414 1821 546 1888 numquid
558 1835 617 1872 curn
628 1823 753 1887 eorporis
764 1823 870 1874 viribus
882 1824 1021 1874 minuere·

226 1896 273 1940 tur
288 1891 372 1940 animi
390 1891 476 1956 rigor.
512 1889 565 1949 Qui
582 1891 621 1942 sie
638 1892 780 1942 crescebat
797 1892 857 1954 iiii,
879 1891 1020 1956 quomodo

225 1957 400 2010 manifestior
411 1957 502 2009 notari
519 1959 592 2010 solet
608 1960 775 2026 agitatorum
792 1959 916 2020 laetitia,
938 1973 1022 2026 quum

226 2028 345 2092 septimo
357 2029 447 2091 spatio
459 2027 565 2090 palmae
578 2029 806 2094 appropinquant.
843 2027 883 2078 12
901 2025 1024 2080 Dicebat

227 2096 338 2162 quidem
351 2096 400 2146 iiie
412 2097 524 2160 Epicuri
537 2099 691 2164 praeceptis
703 2097 866 2161 obsequens:
877 2096 1021 2160 „primurn

135 2223 137 2233 x
188 2203 194 2211 .
226 2179 337 2228 sperare
349 2181 392 2224 so,
413 2165 517 2214 nulium
530 2165 651 2216 dolorem
664 2165 762 2214 esseio
774 2164 823 2213 illo
836 2169 966 2214 extremo
979 2177 1022 2212 an·

204 2272 209 2284 .
226 2229 326 2282 helitu:
349 2233 373 2280 si
385 2239 476 2298 tamon
487 2243 574 2292 esset,
595 2233 696 2284 habere
712 2232 910 2297 aliquantulum
923 2231 1023 2296 inipso

224 2297 363 2350 brevitate
384 2299 486 2350 solatii.
523 2299 635 2352 Nullum
656 2302 728 2352 eninr
755 2300 880 2352 dolorem
905 2298 1022 2366 longum

226 2381 295 2427 esse,
317 2367 361 2430 qui
383 2383 495 2432 mugnus
517 2374 567 2418 est.
604 2370 730 2420 Ceterum
753 2383 949 2420 succursurum
970 2364 1023 2416 sibi

226 2434 309 2484 etiam
325 2434 353 2482 in
369 2435 428 2498 ipsa
451 2435 628 2486 distractione
651 2437 756 2487 atrimae
776 2437 980 2502 corporisque,
999 2433 1025 2480 si

101 2547 106 2554 .
166 2501 183 2565 ,’
224 2515 286 2552 eum
299 2504 420 2552 cruciatu
433 2501 460 2550 id
473 2504 561 2560 tieret,
581 2511 642 2566 post
653 2505 730 2554 iilum
744 2505 868 2556 dolorem
881 2519 912 2557 se
925 2503 1024 2568 dolere

223 2585 278 2624 nou
301 2584 391 2634 posse.
427 2568 488 2618 Non
515 2569 642 2620 dubitare
664 2578 756 2622 autem
778 2589 817 2634 se,
839 2573 905 2638 quin
927 2568 1025 2622 senilis

206 2671 210 2680 ·
223 2639 316 2690 anima
327 2641 353 2688 iu
365 2637 461 2704 primis
472 2637 559 2690 labris
571 2645 657 2702 osset,
676 2655 726 2692 nec
736 2637 838 2708 magnai
845 2641 873 2694 ri
885 2636 1027 2692 distrahe·
