2128 3192
257 189 546 274 urnac-ocra.
582 194 639 280 ro„
793 199 847 256 215w

45 331 117 384 quae
126 327 181 381 non
193 330 227 368 cr
239 295 354 384 impetu,
374 319 544 382 recitabile,
561 319 613 372 ‘sed
627 321 843 390 aequaliter-vu-

42 385 98 450 lct3
117 389 162 438 cui
176 392 337 452 perpetuum
349 388 434 437 robur
443 389 503 438 cati
523 388 663 456 Sequitur,
684 399 716 444 ut
726 397 796 461 quae
808 396 843 446 ab

6 485 8 514 r
42 454 208 506 inconsultis
220 469 302 520 saepo
314 459 540 520 contemnuntur,
558 455 578 507 ‘a
589 461 760 524 sapientibus
769 479 842 514 sern-

6 549 7 568 i
41 537 104 589 per,
115 539 149 576 ea
159 539 209 574 nec
218 525 292 576 bona
302 527 365 586 siut,
379 540 430 575 nec
441 525 524 576 urala.
560 523 651 578 Vnum
663 545 729 598 ergo
738 533 843 583 bonum

41 595 104 658 ipsa
125 593 215 644 virtus
236 600 288 653 est,
308 607 378 658 quae
398 594 473 646 intur
484 593 554 646 hanc
566 594 706 648 fortunam
724 605 752 650 et
762 601 843 653 illam

42 661 164 726 superba
184 661 297 722 incedit,
319 677 380 713 curn
401 677 500 730 magno
513 665 667 730 utriusque
689 674 843 721 contemtu.

25 727 85 780 ·17.
97 729 128 794 Si
139 729 211 781 hanc
221 731 377 799 opinionem
390 732 536 800 rece-peris,
548 732 653 798 aliquid
665 733 767 785 bonum
780 753 843 789 esso

41 805 156 864 practer
168 798 323 861 honestum,
335 801 411 853 nulla
421 816 475 852 non
486 803 575 853 rir'tus
585 801 734 854 laborabit.
758 803 845 856 Nulla
861 857 866 862 ,

41 867 117 920 eninr
129 869 250 926 obtineri
262 872 373 935 poterit,
384 870 408 920 si
419 871 566 952 quidquam
578 878 699 924 extruso
711 887 843 939 respexe-

40 939 88 988 rit.
125 937 207 1002 Quod
220 937 245 988 si
257 944 308 1005 ost,
330 937 432 992 ration
442 947 586 1008 repugnat,
609 954 643 994 ex
655 943 843 1010 quarirtutcs

40 1011 122 1070 sunt3
143 1012 172 1058 et
182 1007 303 1070 veritati,
319 1022 393 1073 *quac
404 1010 462 1062 sine
474 1012 584 1063 rationo
594 1025 648 1063 nou
666 1017 717 1062 est.
754 1013 845 1074 Quae·

44 1088 153 1141 cunque
175 1081 269 1128 autem
289 1078 383 1142 opinio
403 1080 514 1131 veritati
535 1087 678 1148 repugnat,
697 1079 772 1132 falsa
790 1085 860 1132 est.-

40 1141 140 1194 Virum
151 1146 268 1208 bonum,
289 1147 423 1198 concedas
441 1164 554 1203 necesso
569 1157 625 1211 est,
647 1163 774 1202 summan
786 1151 844 1214 pie·

41 1213 111 1265 tatia
132 1228 198 1281 erga
214 1215 282 1266 deos
298 1231 373 1267 esse:
394 1216 488 1284 itaque
500 1217 631 1284 quidquid
643 1219 686 1268 illi
697 1217 843 1280 acciderit,

40 1296 134 1349 aequo
159 1283 253 1336 animo
276 1285 432 1338 sustinebit.
473 1285 550 1338 Sciet
571 1287 643 1337 enim
660 1286 688 1337 id
708 1286 844 1339 accidisse
898 1281 904 1291 ’

39 1351 217 1419 legetlivina',
229 1368 283 1420 qua
293 1355 424 1408 universa
434 1355 595 1421 procedunt.
616 1355 745 1420 lilQund
755 1358 779 1406 si
790 1361 844 1419 est,

40 1435 126 1472 unum
139 1421 182 1478 illi
192 1423 376 1486 bonumerit,
396 1425 469 1490 quod
485 1423 645 1476 honestum:
667 1426 695 1475 in
708 1426 760 1478 lroc
771 1425 844 1478 enim
910 1465 912 1476 ,

39 1490 164 1555 positum
176 1498 221 1542 cst
230 1498 258 1542 et
269 1507 366 1558 parcre
378 1494 447 1556 diis,
467 1509 518 1550 nec
530 1491 732 1548 excandescere
743 1494 779 1546 ad
795 1508 843 1562 su·

39 1559 111 1622 bita,
122 1575 173 1612 nec
183 1558 328 1628 deplorare
339 1569 442 1628 sortem
453 1579 542 1628 suam,
557 1563 606 1614 aad
618 1565 760 1632 patienter
770 1567 845 1618 erci-

39 1642 108 1695 perc
119 1629 216 1692 samm,
227 1637 256 1682 et
268 1630 360 1702 facere
370 1632 515 1698 insperata.
538 1633 567 1685 Si
579 1633 653 1686 onim
666 1634 752 1686 ullum
765 1634 844 1687 aliut]

40 1703 87 1749 est
108 1698 211 1758 bunum
230 1715 311 1768 quam
334 1699 491 1765 honestum,
510 1709 642 1770 sequetur
656 1719 706 1756 uos
722 1704 843 1760 ariditas

8 1809 12 1815 .
38 1773 133 1830 ritae„
146 1767 267 1820 ariditas
279 1785 370 1823 rerum
383 1773 470 1825 citam
482 1773 693 1828 instruentium:
715 1775 788 1839 quod
800 1775 844 1824 est

25 1835 228 1900 intolerabile,
242 1840 388 1904 inlinitum,
407 1837 518 1908 vagum.
554 1841 651 1894 Solum
662 1857 728 1906 ergo
738 1841 845 1898 bonum

41 1903 259 1970 esthonestunm-
278 1909 321 1957 cui
339 1909 439 1960 modus
449 1917 501 1960 cst.
538 1908 683 1968 Diximus,
702 1907 845 1958 hominum
909 1921 925 1928 ·

37 1974 167 2028 futuram
178 1973 331 2024 feliciorem
342 1977 428 2024 vitam
444 1990 525 2040 quam
541 1975 671 2034 deorum,
689 1974 715 2025 ai
726 1989 760 2024 cn
770 1973 846 2026 bona
901 2017 909 2033 r
930 1974 932 1978 ’

37 2049 128 2104 nunt,v
140 2053 257 2109 quorum
269 2042 361 2091 nullus
369 2041 426 2106 ,diis
437 2057 503 2092 usus
515 2048 566 2101 est,
585 2047 716 2105 tanquam
728 2041 847 2106 pecunia

38 2120 69 2166 ct
80 2109 210 2163 honores.
246 2108 289 2160 19.
309 2110 497 2170 Adiicenunc‚
520 2109 628 2176 quodsi
639 2108 722 2160 modo
733 2108 861 2160 solutae,

39 2179 207 2248 corporibus
229 2178 337 2231 animae
355 2183 478 2239 manent,
499 2177 610 2230 felicior
624 2172 683 2228 lllis
697 2183 788 2230 status
800 2193 844 2231 re·
904 2193 919 2248 ᾗ

39 2255 115 2312 stat,
137 2261 218 2316 quam
231 2255 274 2300 est
285 2246 348 2299 dum
365 2253 510 2301 versantur
520 2247 549 2298 in
562 2261 689 2314 corpore.
723 2249 806 2314 Atqui
818 2247 844 2319 si

38 2319 179 2372 isiubona
189 2323 269 2379 sunt,
289 2318 388 2383 quibus
403 2331 454 2382 per
464 2319 583 2383 ‘corpora
597 2316 715 2382 utimur,
735 2319 843 2372 emissis

41 2389 201 2455 eritpeius:
220 2387 294 2454 quod
309 2392 406 2453 eontra
417 2387 498 2440 fidem
511 2391 568 2450 est,
587 2385 727 2442 feliciores
739 2401 799 2456 esse
809 2389 843 2447 li·

6 2501 8 2504 .
40 2451 117 2512 boris
127 2463 155 2509 et
166 2458 195 2508 in
208 2453 364 2508 universum
376 2457 758 2520 datisrclausasclobsessas.
769 2456 843 2510 lllud
898 2507 904 2512 .

42 2540 152 2593 quoque
172 2527 310 2586 dixeram,
331 2527 357 2578 si
368 2527 442 2579 bona
455 2533 520 2578 aunt
535 2541 569 2578 ea
585 2539 655 2593 quae
666 2533 725 2578 tarn·
735 2525 846 2578 homini

43 2596 204 2664 contingunt
215 2611 295 2662 quarn
311 2597 394 2647 mutis
407 2595 587 2660 animalibus3
608 2597 641 2659 ei
650 2603 727 2654 mutu
737 2595 842 2662 anima·
861 2621 867 2626 Δ

42 2663 81 2716 lia
91 2665 201 2716 beatum
212 2667 297 2716 vitam
309 2670 419 2717 acturas
439 2665 511 2731 quod
527 2665 587 2715 lieri
602 2663 679 2714 nrrllo
694 2664 777 2714 murlo
791 2676 850 2730 *po-v

42 2737 106 2784 test.
141 2734 183 2784 20.
201 2734 300 2796 Omnia
319 2747 370 2798 pro
385 2732 501 2785 honesto
517 2731 650 2797 patienda
668 2737 745 2782 sunt:
767 2731 843 2798 quod

42 2816 98 2856 non
119 2807 180 2860 croi
200 2801 418 2866 faciendumst
438 2807 512 2856 esaei
532 2801 621 2862 ullum
642 2800 719 2862 aliud
739 2801 845 2856 bonum
