2136 3192
259 165 545 220 EplsroLnu.
582 169 625 222 30.
802 170 837 220 77

59 285 134 336 multa
144 283 272 351 loquitur,
277 289 306 335 et
315 283 344 334 id
355 286 414 350 agit
423 285 529 346 sedulo,
535 291 566 337 ut
575 286 838 354 nobispersuadeat

58 357 77 402 si
91 353 149 418 quid
158 351 322 402 incommodi
334 359 382 403 aut
392 360 480 404 metus
489 354 518 404 in
529 354 582 406 hoc
592 357 706 422 negotio
718 361 770 418 est,
780 368 837 408 mo·

55 419 251 471 rientissitium
268 433 342 482 esse,
361 432 417 470 non
434 421 545 472 mortis:
566 437 616 474 nec
630 425 720 492 magis
735 426 837 490 inipso
850 423 852 427 ’

55 489 189 556 quidquam
201 503 263 540 esse
275 488 433 548 molestiae,
445 503 525 554 quem
537 495 601 554 post
611 493 708 556 ipsam.
726 491 751 542 5.
763 493 835 544 Tum

54 561 154 608 demens
167 563 259 606 autem
276 557 380 622 estqui
397 557 481 606 timet
498 558 571 622 quod
581 571 636 608 non
646 564 688 609 est
697 573 835 624 passurus,

54 639 125 689 quam
138 624 180 688 qui
191 623 271 674 timet
282 624 356 690 quod
367 636 423 674 non
434 630 478 675 est
488 637 627 675 sensurus.
644 627 685 674 dn
695 627 836 693 quisquam

52 689 226 742 boofuturum
240 690 344 751 eredit,
365 695 457 758 utp'er
468 705 550 758 quam
562 691 633 742 nihil
650 694 783 755 sentitur,
803 707 837 746 eu

51 757 194 810 sentiaturi
212 759 302 826 Ergo,
312 759 418 824 inquit,
429 760 585 812 mors‘adeo
597 765 678 812 extra
690 759 769 810 omne
780 771 836 811 nta-

50 829 99 877 lum
111 833 160 888 est,
171 831 201 883 ut
211 829 247 876 sit
258 833 338 877 extra
348 838 456 879 onmem
467 828 605 878 malorum
614 833 728 879 metum.
759 827 839 880 Haeo

51 909 96 962 ego
107 895 163 946 scio
173 900 201 946 et
211 909 295 960 saepe
307 891 390 959 dieta,
413 898 534 962 etaae'pe
544 896 673 947 dicenda:
691 893 739 946 sed
751 907 839 961 neque

50 978 126 1029 quum
137 964 269 1030 legerem,
280 977 366 1028 aeque
377 962 443 1014 milli
454 965 630 1029 profuerunt:
652 979 742 1031 neque
754 962 838 1030 quurit
856 981 862 991 ·

49 1031 177 1092 audirem,
196 1030 240 1081 bis
255 1029 425 1094 dicentibus,
443 1033 491 1104 qul
507 1033 648 1099 negabant
661 1031 801 1094 timenda,
821 1046 840 1084 a

49 1114 157 1166 quornm
172 1101 382 1150 metusberant.
417 1099 443 1152 d.
461 1100 517 1152 Hic
528 1117 594 1153 vero
605 1101 752 1168 plurimum
764 1097 839 1166 apud
926 1139 927 1142 ,

48 1183 87 1219 me
98 1167 270 1218 auctoritatis
281 1165 385 1228 babuit,
393 1169 640 1234 quumloquerctur
651 1170 685 1220 de
695 1174 789 1219 morte
798 1168 839 1216 ri·

48 1238 113 1286 clna.
149 1233 244 1286 Dicam
262 1236 346 1286 etiam
363 1236 428 1302 quid
439 1231 565 1287 sentiam.
600 1235 673 1286 Puto
685 1239 769 1288 etiam
780 1234 840 1285 ior.

45 1307 139 1356 tionem
151 1317 210 1354 eum
223 1319 292 1366 esse,
321 1303 350 1353 ui
358 1303 387 1367 in
398 1305 460 1366 ipsa
470 1311 560 1354 morte
571 1307 621 1362 est,
633 1317 714 1366 quam
727 1303 775 1368 qui
787 1303 841 1351 eir·

44 1389 73 1423 ca
89 1377 204 1422 mortem
218 1377 270 1422 est.
303 1320 384 1420 alors
396 1369 468 1418 enim
480 1369 592 1418 adorota
605 1369 688 1419 etiem
700 1369 842 1433 imperitis

31 1425 162 1497 'animum
175 1437 318 1490 deditnon
330 1435 436 1486 vitandi
451 1433 634 1488 inevitabilia.
671 1435 716 1488 Sic
731 1435 841 1504 gladiae

42 1518 85 1559 tor
95 1504 840 1573 tutapuguatimidissimusiugulumedversarioprae·

41 1584 111 1638 atat,
133 1583 162 1628 et
181 1578 318 1626 errantem
335 1573 458 1638 gladium
476 1574 530 1625 sibi
547 1579 722 1640 attemperat.
758 1575 783 1625 ⁷.
800 1574 839 1624 nt

40 1647 89 1695 illa
99 1658 168 1710 utrae
178 1643 207 1692 in
218 1643 372 1710 propinquo
384 1648 436 1706 est,
447 1644 545 1710 utique
555 1648 683 1705 ventura,
694 1641 839 1708 desiderat

41 1715 145 1764 lentam
157 1710 241 1762 animi
252 1709 425 1763 firmitatem:
438 1725 507 1778 quae
517 1717 559 1763 est
569 1713 670 1774 rarior,
681 1725 733 1762 nec
743 1709 840 1780 potest

39 1783 93 1831 nisi
105 1795 122 1831 a
133 1781 258 1846 sapiente
269 1781 415 1844 praestari.
443 1780 641 1831 Libentissime
649 1780 746 1844 itaque
757 1777 840 1826 illum

40 1849 200 1910 audiebam,
219 1848 297 1914 quasi
312 1847 445 1898 ferentem
461 1849 495 1900 de
506 1853 595 1900 morte
606 1846 787 1905 sententiam,
809 1846 841 1892 et
930 1872 934 1876 -

39 1919 127 1982 qualis
138 1921 214 1968 esset
225 1917 284 1968 eius
294 1921 406 1979 natura,
416 1916 492 1966 velut
502 1917 614 1980 propius
625 1914 780 1978 inspectae,
793 1910 839 1958 in-

40 1987 188 2036 dicantem.
223 1983 302 2046 Pius,
313 1991 343 2034 ut
355 1991 430 2050 puto,
443 1982 631 2052 iideibaberet
642 1980 713 2044 apud
724 1987 764 2053 te,
775 1977 839 2042 plus

37 2053 187 2117 ponderis,
209 2052 233 2104 si
249 2051 308 2118 quis
324 2051 487 2120 revixisset„
506 2055 534 2098 et
547 2049 575 2096 in
592 2051 683 2095 morte
693 2042 761 2124 nibal
772 2039 841 2092 mall
908 2075 917 2082 .

36 2138 98 2173 esse
117 2113 249 2172 narraret
266 2127 405 2186 expertus.
441 2120 466 2166 8.
485 2119 617 2166 decessus
638 2114 736 2162 mortis
757 2115 841 2192 quau}

35 2190 277 2252 perturbationem
288 2187 401 2249 afferat,
413 2187 517 2250 optimc
528 2181 557 2232 bi
567 2182 618 2232 tibi
630 2179 732 2238 dicent,
743 2191 789 2243 qur
799 2188 840 2228 se·

34 2259 158 2308 eundum
170 2257 251 2310 illam
260 2261 412 2316 steterunt,
434 2255 479 2318 qui
495 2250 649 2306 venientem
665 2246 840 2308 striderunt,

34 2337 62 2377 et
73 2331 254 2394 receperunt.
288 2319 781 2383 11111111111111111111111111111111111,
792 2313 843 2382 qui

32 2410 84 2444 nos
97 2395 196 2461 decipi
205 2391 302 2446 noluit.
335 2395 363 2445 11
374 2393 424 2454 ait,
434 2397 492 2442 tarn
504 2390 620 2441 stultum
631 2399 701 2450 esse,
712 2387 758 2454 qui
769 2398 841 2436 mtrr·

31 2469 88 2512 tom
104 2465 228 2526 timeat,
248 2477 330 2528 quam
347 2463 393 2526 qui
408 2464 589 2512 senectutem.
625 2458 694 2510 Nem
707 2452 838 2523 quemad·

30 2532 150 2582 modum
172 2537 304 2584 senectus
324 2528 539 2582 adolescentiam
560 2527 694 2596 sequitur,
714 2527 841 2575 itumors
923 2573 934 2590 .

29 2603 225 2652 senectutem.
261 2597 362 2651 Vivere
376 2598 481 2661 noluit,
503 2597 549 2665 qui
563 2597 699 2648 morinen
711 2592 779 2640 vult.
812 2586 840 2635 9.

30 2668 98 2722 i'ita
111 2669 271 2724 enimcum
284 2668 445 2736 exceptione
455 2667 553 2720 mortis
565 2665 632 2738 duta
643 2666 699 2712 estr
719 2655 754 2706 sd
770 2651 842 2702 banc

585 2928 750 3017 Q
784 2991 789 2996 ¹
