2128 3192
134 146 136 150 ’
180 187 187 197 “
220 145 222 155 “
254 163 624 268 ⁴urrsr'oissnuro.
763 193 840 252 *³223

52 312 99 364 libi
110 309 237 387 quantum
245 311 388 373 ambules(
390 317 521 378 quantum
530 301 694 379 exercearis,
707 319 844 368 monstra·

50 384 101 435 bit:
120 398 152 434 ne
169 380 313 446 indulgeas
329 381 400 444 otio,
422 383 457 433 ad
469 383 543 450 quod
553 389 644 454 vergit
656 393 729 440 iners
738 385 845 438 valetu-

51 453 101 505 ilo?
116 458 146 503 ut
159 451 235 518 legas
252 450 369 512 clarius,
389 457 418 502 et
434 453 577 518 spiritum,
600 457 677 508 cuius
689 459 747 508 iter
759 459 788 508 et
798 469 842 506 re·

11 555 12 578 2
51 519 217 587 coptaculum
229 521 348 581 laborat,
370 517 512 582 excrucies:
541 521 567 574 5.
579 532 610 575 ut
621 527 742 592 naviges,
764 531 792 576 et
803 524 844 576 ri·

50 605 125 642 secra
144 589 389 649 molliiactatione
406 592 558 642 concutias:
585 593 683 658 quibus
700 595 769 644 cibis
783 599 845 644 utu·

49 661 99 711 ris:
118 659 211 727 vinum
222 659 331 725 quando
343 659 439 712 virium
453 677 536 712 causa
546 661 672 723 advoces,
684 662 791 727 quando
804 657 844 714 in»

11 769 12 772 η
48 729 193 790 termittas,
216 743 250 786 ne
265 729 402 791 irritetet
419 736 565 797 exasperet
577 725 685 802 tussim.
703 735 707 758 ¹
722 731 782 797 Ego
794 721 845 784 tibi

48 797 116 850 illud
127 799 281 866 praecipio,
299 797 375 864 ,quod
389 813 444 849 non
455 806 561 854 lantum
578 801 660 852 huius
677 802 776 862 morbi,
795 798 847 850 secl
895 857 903 864 .

49 868 134 919 totius
146 867 221 918 ritae
233 869 385 918 remedium
397 875 451 920 est:
465 877 610 922 contemne
623 876 749 922 mortem.
770 865 862 930 NihilX
918 865 920 869 ’

48 938 130 988 triste
141 941 191 998 cst,
203 950 285 1002 quum
298 935 377 987 buius
388 945 490 990 metum
504 932 660 1008 'effugimus
697 937 847 990 Triobaec
961 995 966 1000 ,
1051 983 1052 990 ,

48 1005 159 1058 inomni
172 1007 267 1072 morbo
278 1005 374 1073 gravia
385 1014 559 1071 sunbmetus
571 1011 680 1070 mortis,
693 1007 774 1059 dolor
786 1022 847 1058 eor·
891 1050 894 1054 ,
1051 1019 1052 1064 ζ

48 1076 133 1144 poris,
143 1074 311 1131 intermissio
323 1077 506 1142 voluptatum.
523 1079 548 1130 o.
561 1079 601 1129 De
613 1081 714 1139 morte,
724 1077 792 1129 satis
804 1076 846 1127 di·
1051 1073 1052 1080 ’

52 1152 122 1197 utum
136 1153 185 1195 est.
201 1159 203 1164 ’
221 1144 283 1196 Hoc
302 1149 387 1196 onum
402 1147 502 1207 dirum,
522 1161 575 1197 non
591 1148 679 1200 morbi
690 1147 763 1198 huno
776 1160 847 1204 esse,

49 1214 97 1266 sed
118 1219 233 1264 naturae
253 1219 367 1264 metum.
416 1215 569 1266 Multorum
595 1223 712 1269 mortem
739 1213 858 1272 distulit,

48 1285 172 1366 morlpus:
186 1288 213 1334 et
225 1284 309 1334 saluti
321 1284 377 1334 illis
389 1281 453 1344 tuit,
468 1283 558 1334 videri
571 1287 672 1352 perire.
706 1277 851 1346 Morieris,

50 1367 105 1405 non
119 1353 182 1418 quia
194 1359 331 1420 aegrotas,
349 1352 398 1404 sed
410 1353 474 1420 quia
487 1353 565 1405 rivis.
601 1355 753 1406 {stateres
766 1358 795 1405 et
804 1365 850 1402 sa-

50 1429 145 1488 natum
159 1429 259 1474 manet.
296 1423 387 1484 Quum
399 1422 582 1485 consulueris,
594 1437 648 1473 non
660 1430 786 1484 mortem,
800 1418 851 1472 seli
946 1456 947 1459 ,

50 1491 238 1544 valetudinem
250 1491 376 1558 effugies.
387 1519 419 1529 —
435 1491 475 1545 lid
488 1491 557 1542 illud
568 1501 639 1544 nunc
651 1492 795 1558 proprium
807 1491 850 1540 in·
930 1525 947 1542 ».

50 1559 225 1613 commodum
246 1569 424 1614 revertamur.
470 1561 588 1628 Magnes
608 1563 747 1614 cruciatus
769 1561 854 1612 habet

48 1633 177 1684 nnorbus:
188 1629 235 1682 sed
243 1631 735 1684 bostolerabilesintervallafuciunt.
748 1629 852 1682 7.Nam

46 1703 147 1752 sunrnii
161 1701 266 1770 doloris
278 1703 398 1768 intentio
410 1702 517 1754 invenit
530 1703 621 1754 linem.
657 1701 745 1754 Nemo
757 1701 852 1766 potest

11 1807 16 1817 .
45 1769 132 1821 valde
152 1769 256 1833 dolere,
280 1778 308 1824 et
328 1772 383 1824 diu.
420 1771 465 1825 Sic
484 1788 534 1824 nos
552 1771 744 1841 amantissima
760 1765 860 1818 nostri.
902 1771 909 1780 “

45 1846 150 1892 natura
171 1839 328 1906 disposuit,
352 1848 383 1891 u't
399 1842 524 1894 dolorem
541 1848 590 1892 aut
604 1839 781 1891 tolerabilem
802 1838 853 1884 aut

45 1907 162 1960 brevem
180 1909 292 1959 laceret.
329 1911 446 1959 Maximi
462 1911 575 1959 dolores
591 1907 745 1958 consistunt
757 1904 784 1953 in
795 1915 853 1955 ma·

47 1977 177 2030 cerrimis
200 1976 325 2040 corporis
344 1977 485 2039 partibust
505 1977 597 2036 nervi,
623 1973 804 2038 articulique,
824 1974 853 2023 et

44 2044 186 2116 quidquid
204 2043 278 2094 uliud
295 2043 368 2094 exile
379 2049 437 2104 est,
460 2043 593 2094 acerrimo
609 2044 711 2104 saevit,
731 2055 812 2106 quum
823 2040 853 2107 iu

45 2121 130 2170 arcto
152 2113 222 2165 vitia
238 2113 373 2178 concepit.
411 2103 466 2162 Sel
481 2114 542 2180 cilo¹
559 2111 610 2162 liae
622 2117 714 2176 parics
726 2109 854 2174 obstupe·

46 2191 142 2246 scunt,
155 2190 183 2235 et
195 2185 257 2250 ipso
268 2182 365 2233 dolore
378 2196 486 2232 sensum
498 2179 853 2247 dolorisaniittuntrsssiro

45 2257 116 2322 quia
132 2253 247 2320 spiritus
261 2251 385 2303 naturali
402 2248 558 2316 prohibitus
575 2265 667 2312 cursu,
687 2256 715 2301 et
730 2247 855 2309 mutatui
901 2285 919 2318 ,·

11 2327 12 2332 ’
45 2326 178 2390 inpolito,
206 2321 774 2387 vinsusmquavigetadmonetque‘nos,
794 2331 856 2384 per·
888 2375 901 2386 ,η

45 2396 108 2446 elit:
131 2395 190 2445 sire
202 2393 265 2460 qnia
277 2397 423 2457 corruptus
434 2389 550 2453 immor,
563 2405 644 2457 quum
658 2389 741 2440 desiit
751 2388 855 2440 babere

45 2477 104 2531 quo
118 2462 251 2526 confluat,
269 2463 369 2528 ipsese
380 2459 467 2522 elidit,
488 2466 516 2512 ct
528 2459 570 2511 bis
582 2475 652 2527 quae
664 2452 744 2510 nimis
756 2458 854 2524 imple-

42 2538 98 2594 rit,
122 2535 232 2587 excutit
252 2547 371 2584 sensnm.
408 2529 454 2582 Sic
475 2529 602 2597 podagra
622 2535 651 2582 et
670 2529 806 2594 chiragra,
825 2529 855 2577 et

44 2603 142 2654 omnis
153 2597 340 2656 vertebrorum
348 2599 643 2666 dolornervorumque,
655 2595 856 2663 interquiescit,

43 2675 134 2740 quiuin
146 2673 197 2724 illa
208 2670 431 2740 quactorquebat
440 2667 597 2720 hebetarit!
608 2667 855 2718 oniniuniistorum
943 2679 956 2704 s

42 2745 142 2811 prima
153 2742 323 2793 verminatio
333 2746 425 2800 vexat,
437 2739 559 2804 impetus
571 2751 651 2787 mora
663 2733 853 2801 exstinguitur

44 2818 76 2866 et
89 2813 159 2865 finis
171 2810 285 2866 dolendi
296 2814 346 2890 est,
357 2804 543 2879 obtorpuisse.
572 2805 602 2859 9.·
610 2805 750 2867 flentium,
761 2799 856 2854 oculo·
919 2811 932 2850 ·,
